2762 4960
245 457 254 473 „
325 399 374 462 50
530 372 746 463 &annuns
778 394 1144 456 nesrsrnmtrn

324 547 441 613 morbo
466 543 657 626 sublatum),
684 547 775 628 quod
796 548 946 627 equidem
970 553 1086 609 iterum
1111 552 1299 632 iterumque
1321 558 1353 614 iu

327 637 481 703 cuniculis
501 639 624 717 institui
629 679 641 716 ,
668 636 790 700 scilicet
811 636 869 717 ubi
885 638 948 701 illia
967 640 1088 704 lentem
1103 644 1267 725 integram
1286 650 1353 722 pari

318 718 424 796 rno'do
440 750 477 791 ac
495 716 531 788 in
546 716 723 803 cataractae
736 734 927 813 operatione
943 736 1078 804 extraxi,
1098 723 1225 808 semper
1238 735 1353 796 eadem

325 822 496 892 facilitate,
514 832 547 879 et
560 833 597 877 ut
611 823 656 878 ita
671 819 793 902 dicam,
814 818 965 882 libentius
983 827 1079 903 etiarn
1086 862 1099 895 ,
1121 842 1158 881 ex
1174 816 1274 882 oc'ulo
1290 824 1353 883 ela·

323 933 382 994 psa
396 925 452 977 est.
482 910 656 989 Nunquam
667 929 746 970 sane
759 914 795 971 in
808 909 878 989 talis
891 903 1048 972 extractae
1061 910 1157 970 lentis
1172 913 1353 997 superficie,

324 990 508 1066 ne'a'rmatfs
524 998 656 1079 quidem
670 1000 788 1074 oculis,
809 999 912 1074 simile
929 1001 1106 1081 quidquam
1126 997 1185 1058 filis
1201 1017 1258 1061 aut
1278 1002 1354 1066 floc-

319 1094 403 1159 ‘culis
420 1076 606 1169 conspicere
619 1085 723 1171 po'tui,
746 1113 783 1154 ex
797 1084 865 1170 quo'
877 1111 994 1151 nexum
1010 1092 1200 1155 cellulosum
1214 1111 1273 1154 aut
1282 1117 1353 1158 scs·

324 1183 464 1247 culorum
482 1170 681 1265 statuerem,;
694 1181 752 1262 sed
770 1182 1016 1271 laevissemper
1035 1197 1067 1245 et
1088 1183 1184 1263 plana
1200 1182 1351 1254 observa·

323 1292 356 1336 ΞΕ
374 1288 433 1340 833·
628 1344 631 1353 y
660 1348 663 1353 .
742 1356 745 1360 .
784 1355 790 1366 ο
836 1360 839 1373 y
892 1353 896 1361 ι

367 1460 399 1483 „
527 1436 541 1449 .-
770 1399 891 1475 Μὰ
1321 1498 1325 1504 ,

317 1529 340 1553 -·
368 1538 371 1543 ·
393 1508 477 1568 Nou·
496 1508 600 1566 minua
613 1518 727 1563 autem
749 1506 918 1589 analogiae
940 1522 980 1568 et·
995 1508 1171 1579 innumeris
1190 1528 1351 1594 repugnat

318 1600 565 1680 experimentis,
592 1595 682 1673 quod
701 1597 794 1656 multi
814 1612 1008 1672 statuerunt,
1034 1617 1161 1678 prorsus
1180 1603 1348 1665 oculorum

289 1764 292 1771 4
322 1696 423 1753 aciem
445 1676 590 1769 effugere
610 1686 737 1747 vascula
763 1691 849 1748 inter
871 1688 992 1750 lentem
1018 1705 1051 1749 et
1071 1690 1234 1768 capattlant
1257 1694 1348 1760 obvia

320 1780 495 1843 subtilitate
510 1797 567 1836 sua
583 1790 616 1836 et
628 1777 799 1843 voluminis
817 1784 982 1857 parvitate.
1020 1780 1165 1855 Etenim,
1187 1782 1263 1846 cum
1281 1788 1348 1850 fue-

320 1877 384 1934 rint
391 1914 402 1946 ,
438 1874 494 1950 qui
520 1873 557 1928 in
585 1868 734 1929 omnibus
756 1869 899 1947 partib'us
925 1869 1051 1929 ultimas
1078 1891 1348 1953 persequerentur

316 1977 466 2026 uasorum
481 1962 741 2021 terminationes:
764 1964 826 2019 cur'
837 1960 966 2021 tandem
983 1959 1043 2022 hac
1060 1962 1130 2022 sola
1146 1962 1181 2025 in
1199 1985 1296 2046 parte
1314 1972 1347 2033 id

282 2088 287 2097 ι
316 2053 387 2115 fieri
403 2069 475 2113 nou
487 2048 617 2131 posset?
640 2049 896 2113 Pelluciditatem
917 2058 1002 2112 enim
1022 2074 1081 2133 per
1100 2055 1198 2117 senil
1219 2059 1346 2124 obstare

317 2145 425 2205 eluuet
444 2162 483 2202 ex
501 2140 731 2219 injectionibus
753 2146 789 2202 in
811 2141 940 2223 capsula
961 2144 1073 2203 itidem
1094 2145 1261 2224 pellucido
1283 2168 1346 2214 arte

317 2230 440 2295 effectis
448 2272 461 2301 ,
484 2230 573 2308 cnjus
586 2231 641 2299 ‘vel
655 2232 849 2293 subtilissimi
864 2234 981 2295 surculi
995 2240 1031 2296 in
1047 2255 1257 2318 conspectum
1273 2265 1344 2324 pro.

318 2323 431 2383 deuut.
468 2320 598 2381 Remuli
615 2335 740 2396 autem,
764 2328 821 2402 qui
841 2344 901 2403 per
921 2322 1088 2387 humorem
1107 2329 1294 2412 Morgagnii
1308 2334 1345 2397 ad

314 2414 438 2475 lentem
455 2411 619 2491 proficisci
633 2413 799 2488 dicuntur,
819 2413 871 2473 vel
888 2418 915 2474 si
931 2418 1149 2498 microscopiis
1169 2424 1346 2505 supposue-

315 2508 376 2578 ris,
411 2502 473 2563 soli
494 2494 662 2563 oculorum
689 2518 896 2584 conspectum
923 2503 1116 2593 effugerint?
1153 2502 1222 2572 Imo
1247 2519 1345 2579 'exea

315 2596 409 2678 lege,
428 2593 584 2655 monente
602 2594 651 2654 Cl.
665 2594 873 2658 Walther‘o
892 2598 935 2676 ²),
957 2620 1021 2678 qua
1040 2605 1075 2660 in
1089 2602 1239 2666 omnibus
1253 2628 1345 2692 orga-

314 2691 384 2760 nia,
414 2704 499 2767 quae
520 2699 558 2746 ut
576 2687 647 2748 lens
668 2691 777 2747 tunica
798 2686 938 2765 quadam
956 2691 1095 2771 reginali
1118 2697 1294 2775 cinguntur
1310 2704 1344 2760 in

314 2786 420 2858 eaque
438 2773 603 2857 pendent,
624 2800 698 2839 vasa
714 2777 954 2857 expanduntur,
974 2781 1076 2841 multo
1092 2790 1191 2865 magis
1212 2784 1343 2849 in'cor·

315 2882 460 2945 spectum
481 2867 613 2947 prodire
635 2867 812 2937 deberent;
841 2888 1011 2951 nunqnam
1036 2875 1121 2931 enim
1144 2876 1280 2953 accidit,
1310 2896 1342 2940 ut

311 2953 556 3018 numilitationes
573 2975 730 3037 perquam
748 2957 964 3020 subtilissimas
987 2961 1027 3022 ab
1049 2967 1276 3044 integumento
1296 2993 1342 3032 or-

312 3049 388 3127 gani
402 3044 445 3104 a'd
462 3041 526 3105 hoc
539 3051 645 3126 ipsum
658 3050 792 3107 transire
805 3047 987 3124 videamus,
1010 3051 1067 3111 sed
1081 3054 1150 3113 fere
1164 3073 1295 3138 semper
1307 3066 1342 3123 in

312 3136 450 3213 majores
464 3148 594 3197 truncos
608 3152 641 3197 et
653 3137 821 3199 fasciculos
839 3138 1007 3214 collectos,
1030 3159 1062 3203 et
1074 3143 1113 3204 ab
1125 3146 1342 3228 integumenti

250 3261 254 3269 ·
314 3230 559 3289 continuatione
571 3226 730 3288 obductos
744 3248 831 3302 esse,
853 3234 937 3290 utin
954 3233 1120 3309 testiculis,
1140 3241 1175 3296 in
1190 3242 1291 3304 corde
1305 3264 1342 3306 ac

296 3321 346 3377 -in
357 3320 559 3398 peritonaeo.
588 3317 633 3378 Et
643 3322 777 3380 omnino
792 3324 892 3400 magia
905 3335 1039 3383 naturae
1052 3329 1249 3406 respondere
1267 3355 1342 3396 cen-

310 3429 366 3472 seo
373 3452 385 3484 ,
407 3428 491 3490 quae
511 3408 644 3485 desunt,
654 3430 734 3493 mon
751 3430 928 3491 assumere,
950 3433 1046 3496 quam
1064 3436 1251 3499 supponere
1269 3444 1339 3491 non

309 3505 496 3584 conspicua.
522 3528 525 3532 ·

322 3710 325 3717 Α
360 3712 470 3802 Fuere
483 3744 626 3820 tandem,
647 3749 702 3827 qui
716 3767 753 3808 ex
766 3648 952 3812 ιΙίεήΞάΙιιιο
964 3766 1056 3833 parte
1072 3755 1335 3832 conjunctionem

304 3832 391 3895 inter
401 3833 524 3921 lentem
540 3850 573 3919 qt
588 3838 768 3917 capsulam,
791 3845 850 3902 etsi
866 3843 990 3931 anullo
1004 3845 1111 3909 adhuc
1125 3846 1254 3915 detecta
1264 3854 1335 3917 lue·

303 3991 622 4014 Μ

321 4068 367 4161 ἰ)
387 4091 459 4149 Loe.
476 4092 552 4150 citat.
572 4112 602 4169 p.
616 4104 663 4162 15,
682 4070 758 4159 ref
