<?xml version="1.0" encoding="UTF-8"?>
<!DOCTYPE html PUBLIC "-//W3C//DTD XHTML 1.0 Transitional//EN"
    "http://www.w3.org/TR/xhtml1/DTD/xhtml1-transitional.dtd">
<html xmlns="http://www.w3.org/1999/xhtml" xml:lang="en" lang="en">
 <head>
  <title>
</title>
<meta http-equiv="Content-Type" content="text/html;charset=utf-8" />
  <meta name='ocr-system' content='tesseract 3.04.00' />
  <meta name='ocr-capabilities' content='ocr_page ocr_carea ocr_par ocr_line ocrx_word'/>
</head>
<body>
  <div class='ocr_page' id='page_1' title='image "./scriptoresophth00radigoog_0473.png"; bbox 0 0 2752 4960; ppageno 0'>
   <div class='ocr_carea' id='block_1_1' title="bbox 304 400 1201 479">
    <p class='ocr_par' dir='ltr' id='par_1_1' title="bbox 304 400 1201 479">
     <span class='ocr_line' id='line_1_1' title="bbox 304 400 1201 479; baseline -0.008 -2"><span class='ocrx_word' id='word_1_1' title='bbox 304 409 369 477; x_wconf 76' lang='lat'><strong>178</strong></span> <span class='ocrx_word' id='word_1_2' title='bbox 432 407 613 469; x_wconf 81' lang='lat' dir='ltr'><strong>Scuurnr</strong></span> <span class='ocrx_word' id='word_1_3' title='bbox 635 418 914 479; x_wconf 66' lang='lat' dir='ltr'><strong>nnrarcurarr</strong></span> <span class='ocrx_word' id='word_1_4' title='bbox 933 400 1201 473; x_wconf 76' lang='lat' dir='ltr'><strong>rr‘rnraorro.</strong></span> 
     </span>
    </p>
   </div>
   <div class='ocr_carea' id='block_1_2' title="bbox 302 561 1306 1410">
    <p class='ocr_par' dir='ltr' id='par_1_2' title="bbox 302 561 1306 1410">
     <span class='ocr_line' id='line_1_2' title="bbox 302 561 1300 639; baseline -0.002 -13"><span class='ocrx_word' id='word_1_5' title='bbox 302 565 397 628; x_wconf 87' lang='lat' dir='ltr'><strong>morbi</strong></span> <span class='ocrx_word' id='word_1_6' title='bbox 414 562 528 624; x_wconf 80' lang='lat' dir='ltr'><strong>&#39;indoler</strong></span> <span class='ocrx_word' id='word_1_7' title='bbox 550 564 656 639; x_wconf 84' lang='lat' dir='ltr'><strong>parite,</strong></span> <span class='ocrx_word' id='word_1_8' title='bbox 678 561 718 619; x_wconf 84' lang='lat' dir='ltr'><strong>rit</strong></span> <span class='ocrx_word' id='word_1_9' title='bbox 737 579 798 620; x_wconf 90' lang='lat' dir='ltr'><strong>non</strong></span> <span class='ocrx_word' id='word_1_10' title='bbox 818 563 1051 638; x_wconf 73' lang='lat' dir='ltr'><strong>illustraverunt,</strong></span> <span class='ocrx_word' id='word_1_11' title='bbox 1073 575 1103 623; x_wconf 89' lang='lat' dir='ltr'><strong>et</strong></span> <span class='ocrx_word' id='word_1_12' title='bbox 1121 566 1164 622; x_wconf 85' lang='lat' dir='ltr'><strong>nti</strong></span> <span class='ocrx_word' id='word_1_13' title='bbox 1181 566 1213 623; x_wconf 85' lang='lat' dir='ltr'><strong>iia</strong></span> <span class='ocrx_word' id='word_1_14' title='bbox 1230 567 1300 624; x_wconf 85' lang='lat' dir='ltr'><strong>contl-</strong></span> 
     </span>
     <span class='ocr_line' id='line_1_3' title="bbox 303 650 1304 747; baseline -0.001 -25"><span class='ocrx_word' id='word_1_15' title='bbox 303 657 364 747; x_wconf 77' lang='lat' dir='ltr'><strong>git,</strong></span> <span class='ocrx_word' id='word_1_16' title='bbox 403 673 438 744; x_wconf 88' lang='lat' dir='ltr'><strong>ut</strong></span> <span class='ocrx_word' id='word_1_17' title='bbox 464 661 540 719; x_wconf 89' lang='lat' dir='ltr'><strong>hanc</strong></span> <span class='ocrx_word' id='word_1_18' title='bbox 570 670 622 718; x_wconf 87' lang='lat' dir='ltr'><strong>aot</strong></span> <span class='ocrx_word' id='word_1_19' title='bbox 648 660 728 717; x_wconf 89' lang='lat' dir='ltr'><strong>illam</strong></span> <span class='ocrx_word' id='word_1_20' title='bbox 746 650 883 736; x_wconf 76' lang='lat' dir='ltr'><strong>&#39;speciem</strong></span> <span class='ocrx_word' id='word_1_21' title='bbox 909 661 1004 720; x_wconf 84' lang='lat' dir='ltr'>morbi</span> <span class='ocrx_word' id='word_1_22' title='bbox 1032 661 1249 737; x_wconf 62' lang='lat' dir='ltr'><strong>observarem,</strong></span> <span class='ocrx_word' id='word_1_23' title='bbox 1273 653 1304 721; x_wconf 78' lang='lat' dir='ltr'><strong>ite</strong></span> 
     </span>
     <span class='ocr_line' id='line_1_4' title="bbox 304 755 1303 836; baseline -0.001 -14"><span class='ocrx_word' id='word_1_24' title='bbox 304 765 395 822; x_wconf 88' lang='lat' dir='ltr'><strong>etiam</strong></span> <span class='ocrx_word' id='word_1_25' title='bbox 416 760 632 829; x_wconf 77' lang='lat' dir='ltr'><strong>concluserunt,</strong></span> <span class='ocrx_word' id='word_1_26' title='bbox 653 755 708 813; x_wconf 92' lang='lat' dir='ltr'><strong>boc</strong></span> <span class='ocrx_word' id='word_1_27' title='bbox 729 759 890 818; x_wconf 86' lang='lat' dir='ltr'><strong>remedium</strong></span> <span class='ocrx_word' id='word_1_28' title='bbox 908 762 1013 819; x_wconf 81' lang='lat' dir='ltr'><strong>cetaria</strong></span> <span class='ocrx_word' id='word_1_29' title='bbox 1031 761 1236 836; x_wconf 79' lang='lat' dir='ltr'><strong>praeferendum</strong></span> <span class='ocrx_word' id='word_1_30' title='bbox 1251 780 1303 821; x_wconf 82' lang='lat' dir='ltr'><strong>erre.</strong></span> 
     </span>
     <span class='ocr_line' id='line_1_5' title="bbox 304 853 1304 937; baseline -0.003 -18"><span class='ocrx_word' id='word_1_31' title='bbox 304 859 418 919; x_wconf 82' lang='lat' dir='ltr'><strong>Cauaae</strong></span> <span class='ocrx_word' id='word_1_32' title='bbox 438 857 543 915; x_wconf 85' lang='lat' dir='ltr'><strong>horum</strong></span> <span class='ocrx_word' id='word_1_33' title='bbox 563 853 730 913; x_wconf 83' lang='lat' dir='ltr'>morborum</span> <span class='ocrx_word' id='word_1_34' title='bbox 757 857 834 914; x_wconf 85' lang='lat' dir='ltr'><strong>luter</strong></span> <span class='ocrx_word' id='word_1_35' title='bbox 861 877 893 914; x_wconf 86' lang='lat' dir='ltr'><strong>re</strong></span> <span class='ocrx_word' id='word_1_36' title='bbox 918 858 1108 933; x_wconf 84' lang='lat' dir='ltr'><strong>persimilium</strong></span> <span class='ocrx_word' id='word_1_37' title='bbox 1133 878 1187 919; x_wconf 92' lang='lat' dir='ltr'><strong>non</strong></span> <span class='ocrx_word' id='word_1_38' title='bbox 1211 877 1304 937; x_wconf 86' lang='lat' dir='ltr'><strong>perpen-</strong></span> 
     </span>
     <span class='ocr_line' id='line_1_6' title="bbox 306 951 1277 1030; baseline 0 -13"><span class='ocrx_word' id='word_1_39' title='bbox 306 959 428 1030; x_wconf 87' lang='lat' dir='ltr'><strong>derant,</strong></span> <span class='ocrx_word' id='word_1_40' title='bbox 451 965 482 1013; x_wconf 89' lang='lat' dir='ltr'><strong>et</strong></span> <span class='ocrx_word' id='word_1_41' title='bbox 502 953 586 1012; x_wconf 82' lang='lat' dir='ltr'><strong>brevi</strong></span> <span class='ocrx_word' id='word_1_42' title='bbox 602 951 741 1021; x_wconf 46' lang='lat' dir='ltr'><strong>¹morbum</strong></span> <span class='ocrx_word' id='word_1_43' title='bbox 759 972 864 1012; x_wconf 86' lang='lat' dir='ltr'><strong>ranare</strong></span> <span class='ocrx_word' id='word_1_44' title='bbox 884 956 991 1014; x_wconf 85' lang='lat' dir='ltr'><strong>medici</strong></span> <span class='ocrx_word' id='word_1_45' title='bbox 1011 958 1098 1016; x_wconf 90' lang='lat' dir='ltr'><strong>modo</strong></span> <span class='ocrx_word' id='word_1_46' title='bbox 1119 958 1277 1017; x_wconf 78' lang='lat' dir='ltr'><strong>rtodueraut</strong></span> 
     </span>
     <span class='ocr_line' id='line_1_7' title="bbox 389 1051 1306 1132; baseline -0.001 -20"><span class='ocrx_word' id='word_1_47' title='bbox 389 1053 466 1112; x_wconf 91' lang='lat' dir='ltr'><strong>Nam</strong></span> <span class='ocrx_word' id='word_1_48' title='bbox 493 1051 663 1110; x_wconf 71' lang='lat' dir='ltr'><strong>affectiones</strong></span> <span class='ocrx_word' id='word_1_49' title='bbox 691 1051 889 1129; x_wconf 80' lang='lat' dir='ltr'><strong>aympatbicae</strong></span> <span class='ocrx_word' id='word_1_50' title='bbox 915 1054 1053 1128; x_wconf 75' lang='lat' dir='ltr'><strong>buerunt,</strong></span> <span class='ocrx_word' id='word_1_51' title='bbox 1086 1074 1159 1131; x_wconf 84' lang='lat' dir='ltr'><strong>quae</strong></span> <span class='ocrx_word' id='word_1_52' title='bbox 1183 1057 1306 1132; x_wconf 82' lang='lat' dir='ltr'><strong>periculum</strong></span> 
     </span>
     <span class='ocr_line' id='line_1_8' title="bbox 303 1142 1305 1231; baseline -0.004 -17"><span class='ocrx_word' id='word_1_53' title='bbox 303 1162 473 1226; x_wconf 86' lang='lat' dir='ltr'><strong>movercut;</strong></span> <span class='ocrx_word' id='word_1_54' title='bbox 504 1148 622 1207; x_wconf 87' lang='lat' dir='ltr'><strong>morbua</strong></span> <span class='ocrx_word' id='word_1_55' title='bbox 643 1151 724 1226; x_wconf 81' lang='lat' dir='ltr'><strong>ipre,</strong></span> <span class='ocrx_word' id='word_1_56' title='bbox 752 1150 821 1208; x_wconf 86' lang='lat' dir='ltr'><strong>cilia</strong></span> <span class='ocrx_word' id='word_1_57' title='bbox 840 1142 983 1225; x_wconf 81' lang='lat' dir='ltr'><strong>inversa,</strong></span> <span class='ocrx_word' id='word_1_58' title='bbox 1004 1172 1056 1211; x_wconf 90' lang='lat' dir='ltr'><strong>ora</strong></span> <span class='ocrx_word' id='word_1_59' title='bbox 1077 1152 1222 1231; x_wconf 76' lang='lat' dir='ltr'>palpebrae</span> <span class='ocrx_word' id='word_1_60' title='bbox 1239 1156 1305 1210; x_wconf 82' lang='lat' dir='ltr'><strong>intro</strong></span> 
     </span>
     <span class='ocr_line' id='line_1_9' title="bbox 303 1246 1306 1326; baseline -0.003 -15"><span class='ocrx_word' id='word_1_61' title='bbox 303 1270 405 1323; x_wconf 80' lang='lat' dir='ltr'><strong>verra,</strong></span> <span class='ocrx_word' id='word_1_62' title='bbox 433 1252 485 1309; x_wconf 83' lang='lat' dir='ltr'><strong>vix</strong></span> <span class='ocrx_word' id='word_1_63' title='bbox 507 1246 575 1323; x_wconf 81' lang='lat' dir='ltr'><strong>quid</strong></span> <span class='ocrx_word' id='word_1_64' title='bbox 596 1246 789 1320; x_wconf 85' lang='lat' dir='ltr'><strong>incommodi,</strong></span> <span class='ocrx_word' id='word_1_65' title='bbox 818 1251 877 1307; x_wconf 82' lang='lat' dir='ltr'><strong>nisi</strong></span> <span class='ocrx_word' id='word_1_66' title='bbox 904 1251 1041 1326; x_wconf 82' lang='lat' dir='ltr'><strong>injuriam</strong></span> <span class='ocrx_word' id='word_1_67' title='bbox 1068 1254 1185 1310; x_wconf 86' lang='lat' dir='ltr'><strong>minoria</strong></span> <span class='ocrx_word' id='word_1_68' title='bbox 1203 1251 1306 1325; x_wconf 74' lang='lat' dir='ltr'><strong>momenti</strong></span> 
     </span>
     <span class='ocr_line' id='line_1_10' title="bbox 303 1345 1305 1410; baseline -0.005 0"><span class='ocrx_word' id='word_1_69' title='bbox 303 1346 440 1410; x_wconf 75' lang='lat' dir='ltr'><strong>facultati</strong></span> <span class='ocrx_word' id='word_1_70' title='bbox 466 1346 584 1407; x_wconf 86' lang='lat' dir='ltr'><strong>videndi</strong></span> <span class='ocrx_word' id='word_1_71' title='bbox 611 1348 785 1407; x_wconf 66' lang='lat' dir='ltr'><strong>attulerunt,</strong></span> <span class='ocrx_word' id='word_1_72' title='bbox 832 1345 894 1405; x_wconf 83' lang='lat' dir='ltr'><strong>Sed</strong></span> <span class='ocrx_word' id='word_1_73' title='bbox 922 1348 967 1406; x_wconf 82' lang='lat' dir='ltr'><strong>bia</strong></span> <span class='ocrx_word' id='word_1_74' title='bbox 995 1350 1071 1407; x_wconf 76' lang='lat' dir='ltr'><strong>cililr</strong></span> <span class='ocrx_word' id='word_1_75' title='bbox 1099 1350 1216 1408; x_wconf 78' lang='lat' dir='ltr'><strong>iavereit</strong></span> <span class='ocrx_word' id='word_1_76' title='bbox 1240 1359 1305 1407; x_wconf 71' lang='lat' dir='ltr'><strong>statu</strong></span> 
     </span>
    </p>
   </div>
   <div class='ocr_carea' id='block_1_3' title="bbox 189 1443 1306 1529">
    <p class='ocr_par' dir='ltr' id='par_1_3' title="bbox 189 1443 1306 1529">
     <span class='ocr_line' id='line_1_11' title="bbox 189 1443 1306 1529; baseline -0.005 -21"><span class='ocrx_word' id='word_1_77' title='bbox 189 1452 192 1459; x_wconf 72' lang='grc'>’</span> <span class='ocrx_word' id='word_1_78' title='bbox 304 1447 433 1507; x_wconf 75' lang='lat' dir='ltr'><strong>morbosi</strong></span> <span class='ocrx_word' id='word_1_79' title='bbox 460 1443 716 1521; x_wconf 78' lang='lat' dir='ltr'>producebantur,</span> <span class='ocrx_word' id='word_1_80' title='bbox 748 1445 799 1522; x_wconf 85' lang='lat' dir='ltr'><strong>qui</strong></span> <span class='ocrx_word' id='word_1_81' title='bbox 827 1444 1041 1507; x_wconf 69' lang='lat' dir='ltr'><strong>destructiones</strong></span> <span class='ocrx_word' id='word_1_82' title='bbox 1062 1447 1147 1506; x_wconf 88' lang='lat' dir='ltr'><strong>modo</strong></span> <span class='ocrx_word' id='word_1_83' title='bbox 1168 1446 1306 1529; x_wconf 83' lang='lat' dir='ltr'><strong>caenando</strong></span> 
     </span>
    </p>
   </div>
   <div class='ocr_carea' id='block_1_4' title="bbox 221 1553 1340 4290">
    <p class='ocr_par' dir='ltr' id='par_1_4' title="bbox 274 1553 684 1624">
     <span class='ocr_line' id='line_1_12' title="bbox 274 1553 684 1624; baseline -0.007 -19"><span class='ocrx_word' id='word_1_84' title='bbox 274 1583 278 1594; x_wconf 84' lang='lat'><strong>·</strong></span> <span class='ocrx_word' id='word_1_85' title='bbox 304 1553 547 1624; x_wconf 82' lang='lat' dir='ltr'><strong>provocaverunt.</strong></span> <span class='ocrx_word' id='word_1_86' title='bbox 660 1562 684 1621; x_wconf 59' lang='lat' dir='ltr'>j</span> 
     </span>
    </p>

    <p class='ocr_par' dir='ltr' id='par_1_5' title="bbox 221 1630 1308 2408">
     <span class='ocr_line' id='line_1_13' title="bbox 391 1630 1305 1720; baseline -0.002 -19"><span class='ocrx_word' id='word_1_87' title='bbox 391 1641 426 1701; x_wconf 88' lang='lat' dir='ltr'><strong>Si</strong></span> <span class='ocrx_word' id='word_1_88' title='bbox 446 1632 548 1718; x_wconf 82' lang='lat' dir='ltr'><strong>nempe</strong></span> <span class='ocrx_word' id='word_1_89' title='bbox 568 1640 686 1699; x_wconf 87' lang='lat' dir='ltr'><strong>morbor</strong></span> <span class='ocrx_word' id='word_1_90' title='bbox 708 1630 906 1701; x_wconf 75' lang='lat' dir='ltr'><strong>secundarios¹</strong></span> <span class='ocrx_word' id='word_1_91' title='bbox 925 1644 1132 1720; x_wconf 75' lang='lat' dir='ltr'><strong>respiciamus,</strong></span> <span class='ocrx_word' id='word_1_92' title='bbox 1158 1641 1305 1702; x_wconf 80' lang='lat' dir='ltr'><strong>inflammatio</strong></span> 
     </span>
     <span class='ocr_line' id='line_1_14' title="bbox 221 1739 1307 1823; baseline -0.002 -25"><span class='ocrx_word' id='word_1_93' title='bbox 221 1810 227 1823; x_wconf 66' lang='lat'><strong>,</strong></span> <span class='ocrx_word' id='word_1_94' title='bbox 307 1743 411 1821; x_wconf 75' lang='lat' dir='ltr'><strong>quovis</strong></span> <span class='ocrx_word' id='word_1_95' title='bbox 440 1758 507 1797; x_wconf 89' lang='lat' dir='ltr'><strong>cum</strong></span> <span class='ocrx_word' id='word_1_96' title='bbox 536 1739 618 1797; x_wconf 78' lang='lat' dir='ltr'><strong>exitu</strong></span> <span class='ocrx_word' id='word_1_97' title='bbox 643 1741 769 1816; x_wconf 86' lang='lat' dir='ltr'><strong>primum</strong></span> <span class='ocrx_word' id='word_1_98' title='bbox 797 1744 895 1800; x_wconf 87' lang='lat' dir='ltr'><strong>locum</strong></span> <span class='ocrx_word' id='word_1_99' title='bbox 912 1752 1060 1803; x_wconf 72' lang='lat' dir='ltr'><strong>‘meretur</strong></span> <span class='ocrx_word' id='word_1_100' title='bbox 1111 1741 1137 1800; x_wconf 79' lang='lat' dir='ltr'><strong>E</strong></span> <span class='ocrx_word' id='word_1_101' title='bbox 1165 1760 1217 1820; x_wconf 85' lang='lat' dir='ltr'><strong>qua</strong></span> <span class='ocrx_word' id='word_1_102' title='bbox 1239 1742 1307 1798; x_wconf 87' lang='grc' dir='ltr'>ιιΙιιιι</span> 
     </span>
     <span class='ocr_line' id='line_1_15' title="bbox 307 1836 1306 1916; baseline -0.001 -20"><span class='ocrx_word' id='word_1_103' title='bbox 307 1857 432 1898; x_wconf 88' lang='lat' dir='ltr'><strong>corneae</strong></span> <span class='ocrx_word' id='word_1_104' title='bbox 454 1839 600 1912; x_wconf 90' lang='lat' dir='ltr'><strong>oriuntur,</strong></span> <span class='ocrx_word' id='word_1_105' title='bbox 629 1856 705 1916; x_wconf 85' lang='lat' dir='ltr'><strong>quae</strong></span> <span class='ocrx_word' id='word_1_106' title='bbox 725 1836 804 1896; x_wconf 92' lang='lat' dir='ltr'><strong>hand</strong></span> <span class='ocrx_word' id='word_1_107' title='bbox 824 1857 892 1897; x_wconf 88' lang='lat' dir='ltr'><strong>raro</strong></span> <span class='ocrx_word' id='word_1_108' title='bbox 913 1850 1081 1916; x_wconf 86' lang='lat' dir='ltr'><strong>penetrant,</strong></span> <span class='ocrx_word' id='word_1_109' title='bbox 1104 1851 1136 1899; x_wconf 89' lang='lat' dir='ltr'><strong>ct</strong></span> <span class='ocrx_word' id='word_1_110' title='bbox 1155 1840 1306 1906; x_wconf 81' lang='lat' dir='ltr'><strong>ceratoaebo,</strong></span> 
     </span>
     <span class='ocr_line' id='line_1_16' title="bbox 253 1936 1307 2019; baseline 0.005 -24"><span class='ocrx_word' id='word_1_111' title='bbox 253 1971 257 1979; x_wconf 91' lang='lat'>·</span> <span class='ocrx_word' id='word_1_112' title='bbox 307 1936 475 2016; x_wconf 84' lang='lat' dir='ltr'><strong>ryncohiam</strong></span> <span class='ocrx_word' id='word_1_113' title='bbox 496 1938 682 2010; x_wconf 81' lang='lat' dir='ltr'><strong>anteriorem,</strong></span> <span class='ocrx_word' id='word_1_114' title='bbox 702 1937 869 2015; x_wconf 77' lang='lat' dir='ltr'><strong>prolapsum</strong></span> <span class='ocrx_word' id='word_1_115' title='bbox 888 1938 984 2013; x_wconf 87' lang='lat' dir='ltr'><strong>iridir,</strong></span> <span class='ocrx_word' id='word_1_116' title='bbox 1007 1936 1187 2019; x_wconf 75' lang='lat' dir='ltr'><strong>staphyloma</strong></span> <span class='ocrx_word' id='word_1_117' title='bbox 1202 1949 1251 1999; x_wconf 64' lang='lat' dir='ltr'><strong>eta*</strong></span> <span class='ocrx_word' id='word_1_118' title='bbox 1264 1950 1307 2013; x_wconf 70' lang='lat' dir='ltr'><strong>plt-</strong></span> 
     </span>
     <span class='ocr_line' id='line_1_17' title="bbox 308 2030 1308 2117; baseline -0.006 -23"><span class='ocrx_word' id='word_1_119' title='bbox 308 2036 416 2095; x_wconf 83' lang='lat' dir='ltr'><strong>ferunt.</strong></span> <span class='ocrx_word' id='word_1_120' title='bbox 439 2033 681 2093; x_wconf 72' lang='lat' dir='ltr'><strong>‘Obscurationea</strong></span> <span class='ocrx_word' id='word_1_121' title='bbox 703 2053 829 2095; x_wconf 88' lang='lat' dir='ltr'><strong>corneae</strong></span> <span class='ocrx_word' id='word_1_122' title='bbox 842 2037 950 2117; x_wconf 31' lang='lat' dir='ltr'><strong>&#39;omnia</strong></span> <span class='ocrx_word' id='word_1_123' title='bbox 976 2040 1094 2117; x_wconf 79' lang='lat' dir='ltr'><strong>generis</strong></span> <span class='ocrx_word' id='word_1_124' title='bbox 1121 2057 1140 2097; x_wconf 88' lang='lat' dir='ltr'><strong>a</strong></span> <span class='ocrx_word' id='word_1_125' title='bbox 1159 2035 1272 2114; x_wconf 84' lang='lat' dir='ltr'><strong>ucpbello</strong></span> <span class='ocrx_word' id='word_1_126' title='bbox 1285 2030 1308 2089; x_wconf 87' lang='lat' dir='ltr'><strong>al</strong></span> 
     </span>
     <span class='ocr_line' id='line_1_18' title="bbox 306 2132 1308 2219; baseline -0.003 -27"><span class='ocrx_word' id='word_1_127' title='bbox 306 2135 441 2192; x_wconf 89' lang='lat' dir='ltr'><strong>laucoma</strong></span> <span class='ocrx_word' id='word_1_128' title='bbox 467 2150 562 2209; x_wconf 78' lang='lat' dir='ltr'><strong>usqua</strong></span> <span class='ocrx_word' id='word_1_129' title='bbox 587 2132 675 2191; x_wconf 81' lang='lat' dir='ltr'><strong>facile</strong></span> <span class='ocrx_word' id='word_1_130' title='bbox 699 2134 838 2196; x_wconf 83' lang='lat' dir='ltr'><strong>renident.</strong></span> <span class='ocrx_word' id='word_1_131' title='bbox 888 2133 1059 2219; x_wconf 80' lang='lat' dir='ltr'><strong>Pteryginm</strong></span> <span class='ocrx_word' id='word_1_132' title='bbox 1088 2147 1119 2195; x_wconf 83' lang='lat' dir='ltr'><strong>et</strong></span> <span class='ocrx_word' id='word_1_133' title='bbox 1144 2154 1247 2214; x_wconf 76' lang='lat' dir='ltr'><strong>pennae</strong></span> <span class='ocrx_word' id='word_1_134' title='bbox 1265 2147 1308 2209; x_wconf 78' lang='lat' dir='ltr'><strong>prc-</strong></span> 
     </span>
     <span class='ocr_line' id='line_1_19' title="bbox 306 2229 1307 2309; baseline -0.003 -17"><span class='ocrx_word' id='word_1_135' title='bbox 306 2233 464 2304; x_wconf 86' lang='lat' dir='ltr'><strong>ducuntur,</strong></span> <span class='ocrx_word' id='word_1_136' title='bbox 486 2241 517 2289; x_wconf 89' lang='lat' dir='ltr'><strong>et</strong></span> <span class='ocrx_word' id='word_1_137' title='bbox 537 2229 639 2288; x_wconf 90' lang='lat' dir='ltr'><strong>morbo</strong></span> <span class='ocrx_word' id='word_1_138' title='bbox 659 2233 796 2308; x_wconf 82' lang='lat' dir='ltr'><strong>primario</strong></span> <span class='ocrx_word' id='word_1_139' title='bbox 819 2231 934 2294; x_wconf 86' lang='lat' dir='ltr'><strong>aublatc</strong></span> <span class='ocrx_word' id='word_1_140' title='bbox 952 2251 1006 2309; x_wconf 90' lang='lat' dir='ltr'><strong>pcr</strong></span> <span class='ocrx_word' id='word_1_141' title='bbox 1023 2243 1120 2295; x_wconf 85' lang='lat' dir='ltr'><strong>totam</strong></span> <span class='ocrx_word' id='word_1_142' title='bbox 1136 2245 1253 2294; x_wconf 85' lang='lat' dir='ltr'><strong>aetatem</strong></span> <span class='ocrx_word' id='word_1_143' title='bbox 1266 2247 1307 2289; x_wconf 84' lang='grc' dir='ltr'>ιιι·</span> 
     </span>
     <span class='ocr_line' id='line_1_20' title="bbox 267 2314 976 2408; baseline -0.001 -21"><span class='ocrx_word' id='word_1_144' title='bbox 267 2396 273 2406; x_wconf 28' lang='lat' dir='ltr'><em>I</em></span> <span class='ocrx_word' id='word_1_145' title='bbox 305 2348 342 2408; x_wconf 91' lang='lat' dir='ltr'><strong>pc</strong></span> <span class='ocrx_word' id='word_1_146' title='bbox 362 2331 538 2389; x_wconf 80' lang='lat' dir='ltr'><strong>conriatunt.</strong></span> <span class='ocrx_word' id='word_1_147' title='bbox 744 2314 748 2329; x_wconf 57' lang='lat'><strong><em>¹</em></strong></span> <span class='ocrx_word' id='word_1_148' title='bbox 953 2346 976 2359; x_wconf 91' lang='grc'><strong>·’</strong></span> 
     </span>
    </p>

    <p class='ocr_par' dir='ltr' id='par_1_6' title="bbox 304 2422 1340 2905">
     <span class='ocr_line' id='line_1_21' title="bbox 391 2422 1308 2504; baseline 0.001 -18"><span class='ocrx_word' id='word_1_149' title='bbox 391 2424 639 2503; x_wconf 84' lang='lat' dir='ltr'><strong>Frequentirrime</strong></span> <span class='ocrx_word' id='word_1_150' title='bbox 665 2422 1171 2504; x_wconf 85' lang='lat' dir='ltr'><strong>blepharophthalmoblennorrboea</strong></span> <span class='ocrx_word' id='word_1_151' title='bbox 1197 2430 1236 2488; x_wconf 86' lang='lat' dir='ltr'><strong>bir</strong></span> <span class='ocrx_word' id='word_1_152' title='bbox 1257 2443 1308 2487; x_wconf 85' lang='lat' dir='ltr'><strong>nor·</strong></span> 
     </span>
     <span class='ocr_line' id='line_1_22' title="bbox 306 2520 1310 2609; baseline 0.005 -25"><span class='ocrx_word' id='word_1_153' title='bbox 306 2525 351 2584; x_wconf 83' lang='lat' dir='ltr'><strong>bia</strong></span> <span class='ocrx_word' id='word_1_154' title='bbox 384 2525 563 2604; x_wconf 70' lang='lat' dir='ltr'><strong>supervenit.</strong></span> <span class='ocrx_word' id='word_1_155' title='bbox 620 2520 697 2583; x_wconf 86' lang='lat' dir='ltr'><strong>Nam</strong></span> <span class='ocrx_word' id='word_1_156' title='bbox 725 2527 912 2601; x_wconf 84' lang='lat' dir='ltr'><strong>conjunctiva</strong></span> <span class='ocrx_word' id='word_1_157' title='bbox 939 2540 1000 2589; x_wconf 89' lang='lat' dir='ltr'><strong>tam</strong></span> <span class='ocrx_word' id='word_1_158' title='bbox 1026 2532 1226 2609; x_wconf 78' lang='lat' dir='ltr'><strong>palpebrarum</strong></span> <span class='ocrx_word' id='word_1_159' title='bbox 1252 2542 1310 2604; x_wconf 71' lang='lat' dir='ltr'><strong>quw</strong></span> 
     </span>
     <span class='ocr_line' id='line_1_23' title="bbox 305 2615 1310 2703; baseline 0.006 -21"><span class='ocrx_word' id='word_1_160' title='bbox 305 2622 403 2698; x_wconf 83' lang='lat' dir='ltr'><strong>bulbi,</strong></span> <span class='ocrx_word' id='word_1_161' title='bbox 436 2622 472 2682; x_wconf 86' lang='lat' dir='ltr'><strong>ab</strong></span> <span class='ocrx_word' id='word_1_162' title='bbox 493 2620 550 2681; x_wconf 86' lang='lat' dir='ltr'><strong>bac</strong></span> <span class='ocrx_word' id='word_1_163' title='bbox 571 2615 909 2684; x_wconf 57' lang='lat' dir='ltr'><strong>clliornm&#39;invcrsorum</strong></span> <span class='ocrx_word' id='word_1_164' title='bbox 934 2631 1096 2703; x_wconf 87' lang='lat' dir='ltr'><strong>punctione</strong></span> <span class='ocrx_word' id='word_1_165' title='bbox 1123 2633 1246 2702; x_wconf 85' lang='lat' dir='ltr'><strong>irritata,</strong></span> <span class='ocrx_word' id='word_1_166' title='bbox 1269 2625 1310 2700; x_wconf 63' lang='lat' dir='ltr'><strong>ple¹</strong></span> 
     </span>
     <span class='ocr_line' id='line_1_24' title="bbox 304 2719 1310 2803; baseline 0.005 -22"><span class='ocrx_word' id='word_1_167' title='bbox 304 2740 427 2801; x_wconf 77' lang='lat' dir='ltr'><strong>numque</strong></span> <span class='ocrx_word' id='word_1_168' title='bbox 445 2731 525 2780; x_wconf 88' lang='lat' dir='ltr'><strong>rtatu</strong></span> <span class='ocrx_word' id='word_1_169' title='bbox 541 2721 764 2780; x_wconf 89' lang='lat' dir='ltr'><strong>blcnnorrbolco</strong></span> <span class='ocrx_word' id='word_1_170' title='bbox 783 2719 935 2803; x_wconf 78' lang='lat' dir='ltr'><strong>affligitur,</strong></span> <span class='ocrx_word' id='word_1_171' title='bbox 957 2730 1040 2803; x_wconf 76' lang='lat' dir='ltr'><strong>cujus</strong></span> <span class='ocrx_word' id='word_1_172' title='bbox 1057 2730 1175 2790; x_wconf 86' lang='lat' dir='ltr'><strong>ranatlo</strong></span> <span class='ocrx_word' id='word_1_173' title='bbox 1191 2745 1243 2787; x_wconf 89' lang='lat' dir='ltr'><strong>non</strong></span> <span class='ocrx_word' id='word_1_174' title='bbox 1257 2724 1310 2801; x_wconf 67' lang='lat' dir='ltr'><strong>pud</strong></span> 
     </span>
     <span class='ocr_line' id='line_1_25' title="bbox 306 2819 1340 2905; baseline 0.007 -26"><span class='ocrx_word' id='word_1_175' title='bbox 306 2823 478 2899; x_wconf 78' lang='lat' dir='ltr'><strong>continget,</strong></span> <span class='ocrx_word' id='word_1_176' title='bbox 508 2838 595 2898; x_wconf 89' lang='lat' dir='ltr'><strong>quam</strong></span> <span class='ocrx_word' id='word_1_177' title='bbox 615 2819 718 2879; x_wconf 86' lang='lat' dir='ltr'><strong>morbo</strong></span> <span class='ocrx_word' id='word_1_178' title='bbox 738 2821 878 2895; x_wconf 87' lang='lat' dir='ltr'><strong>primario</strong></span> <span class='ocrx_word' id='word_1_179' title='bbox 898 2835 1021 2887; x_wconf 87' lang='lat' dir='ltr'><strong>remoto.</strong></span> <span class='ocrx_word' id='word_1_180' title='bbox 1335 2894 1340 2905; x_wconf 46' lang='lat'>‚</span> 
     </span>
    </p>

    <p class='ocr_par' dir='ltr' id='par_1_7' title="bbox 231 2900 1312 3593">
     <span class='ocr_line' id='line_1_26' title="bbox 390 2900 1310 2999; baseline 0.005 -24"><span class='ocrx_word' id='word_1_181' title='bbox 390 2916 450 2975; x_wconf 84' lang='lat' dir='ltr'><strong>llic</strong></span> <span class='ocrx_word' id='word_1_182' title='bbox 472 2900 577 2976; x_wconf 84' lang='lat' dir='ltr'><strong>deinde</strong></span> <span class='ocrx_word' id='word_1_183' title='bbox 598 2922 687 2977; x_wconf 85' lang='lat' dir='ltr'><strong>etiam</strong></span> <span class='ocrx_word' id='word_1_184' title='bbox 713 2917 906 2995; x_wconf 84' lang='lat' dir='ltr'><strong>ophthalmiae</strong></span> <span class='ocrx_word' id='word_1_185' title='bbox 926 2925 1080 2999; x_wconf 86' lang='lat' dir='ltr'><strong>intentae,</strong></span> <span class='ocrx_word' id='word_1_186' title='bbox 1110 2944 1149 2984; x_wconf 81' lang='lat' dir='ltr'><strong>ex</strong></span> <span class='ocrx_word' id='word_1_187' title='bbox 1168 2923 1220 2984; x_wconf 87' lang='lat' dir='ltr'><strong>bac</strong></span> <span class='ocrx_word' id='word_1_188' title='bbox 1237 2920 1310 2980; x_wconf 77' lang='lat' dir='ltr'><strong>non</strong></span> 
     </span>
     <span class='ocr_line' id='line_1_27' title="bbox 305 3014 1310 3101; baseline 0.002 -26"><span class='ocrx_word' id='word_1_189' title='bbox 305 3018 386 3075; x_wconf 88' lang='lat' dir='ltr'><strong>tione</strong></span> <span class='ocrx_word' id='word_1_190' title='bbox 407 3027 576 3091; x_wconf 74' lang='lat' dir='ltr'><strong>manantes,</strong></span> <span class='ocrx_word' id='word_1_191' title='bbox 598 3014 867 3078; x_wconf 74' lang='lat' dir='ltr'><strong>commemorandae</strong></span> <span class='ocrx_word' id='word_1_192' title='bbox 890 3031 988 3083; x_wconf 51' lang='lat' dir='ltr'><strong>runt:</strong></span> <span class='ocrx_word' id='word_1_193' title='bbox 1011 3023 1096 3092; x_wconf 78' lang='lat' dir='ltr'><strong>Quae</strong></span> <span class='ocrx_word' id='word_1_194' title='bbox 1114 3015 1310 3101; x_wconf 71' lang='lat' dir='ltr'><strong>ophthalmiam</strong></span> 
     </span>
     <span class='ocr_line' id='line_1_28' title="bbox 304 3111 1311 3201; baseline 0.004 -30"><span class='ocrx_word' id='word_1_195' title='bbox 304 3115 353 3172; x_wconf 88' lang='lat' dir='ltr'><strong>ita</strong></span> <span class='ocrx_word' id='word_1_196' title='bbox 370 3116 429 3171; x_wconf 91' lang='lat' dir='ltr'><strong>cito</strong></span> <span class='ocrx_word' id='word_1_197' title='bbox 449 3111 569 3174; x_wconf 85' lang='lat' dir='ltr'><strong>ridendi</strong></span> <span class='ocrx_word' id='word_1_198' title='bbox 589 3111 760 3174; x_wconf 77' lang='lat' dir='ltr'><strong>facultatem</strong></span> <span class='ocrx_word' id='word_1_199' title='bbox 781 3114 949 3194; x_wconf 83' lang='lat' dir='ltr'><strong>deturbant,</strong></span> <span class='ocrx_word' id='word_1_200' title='bbox 969 3133 1004 3180; x_wconf 90' lang='lat' dir='ltr'><strong>nt</strong></span> <span class='ocrx_word' id='word_1_201' title='bbox 1022 3120 1162 3201; x_wconf 82' lang='lat' dir='ltr'><strong>hypopio,</strong></span> <span class='ocrx_word' id='word_1_202' title='bbox 1184 3114 1311 3179; x_wconf 73' lang='lat' dir='ltr'><strong>cxrnlatie·</strong></span> 
     </span>
     <span class='ocr_line' id='line_1_29' title="bbox 305 3207 1311 3294; baseline 0.005 -26"><span class='ocrx_word' id='word_1_203' title='bbox 305 3207 391 3269; x_wconf 80' lang='lat' dir='ltr'><strong>nibus</strong></span> <span class='ocrx_word' id='word_1_204' title='bbox 420 3220 452 3269; x_wconf 89' lang='lat' dir='ltr'><strong>et</strong></span> <span class='ocrx_word' id='word_1_205' title='bbox 479 3208 607 3289; x_wconf 78' lang='lat' dir='ltr'><strong>aynineal</strong></span> <span class='ocrx_word' id='word_1_206' title='bbox 631 3211 714 3272; x_wconf 76' lang='lat' dir='ltr'><strong>iridis</strong></span> <span class='ocrx_word' id='word_1_207' title='bbox 742 3226 794 3273; x_wconf 89' lang='lat' dir='ltr'><strong>aut</strong></span> <span class='ocrx_word' id='word_1_208' title='bbox 821 3219 885 3276; x_wconf 86' lang='lat' dir='ltr'><strong>alilr</strong></span> <span class='ocrx_word' id='word_1_209' title='bbox 912 3218 1172 3280; x_wconf 81' lang='lat' dir='ltr'><strong>inflammationem</strong></span> <span class='ocrx_word' id='word_1_210' title='bbox 1201 3211 1311 3294; x_wconf 64' lang='lat' dir='ltr'><strong>nequead</strong></span> 
     </span>
     <span class='ocr_line' id='line_1_30' title="bbox 252 3305 1312 3396; baseline 0.012 -31"><span class='ocrx_word' id='word_1_211' title='bbox 252 3358 254 3365; x_wconf 17' lang='grc' dir='ltr'><em>Α</em></span> <span class='ocrx_word' id='word_1_212' title='bbox 305 3306 360 3368; x_wconf 88' lang='lat' dir='ltr'><strong>bur</strong></span> <span class='ocrx_word' id='word_1_213' title='bbox 395 3305 641 3369; x_wconf 87' lang='lat' dir='ltr'><strong>dertructlonibur</strong></span> <span class='ocrx_word' id='word_1_214' title='bbox 679 3313 803 3373; x_wconf 80' lang='lat' dir='ltr'><strong>facultar</strong></span> <span class='ocrx_word' id='word_1_215' title='bbox 836 3313 959 3376; x_wconf 75' lang='lat' dir='ltr'><strong>vldendl</strong></span> <span class='ocrx_word' id='word_1_216' title='bbox 990 3321 1109 3394; x_wconf 83' lang='lat' dir='ltr'><strong>ponitur</strong></span> <span class='ocrx_word' id='word_1_217' title='bbox 1149 3319 1312 3396; x_wconf 70' lang='lat' dir='ltr'><strong>exanguem</strong></span> 
     </span>
     <span class='ocr_line' id='line_1_31' title="bbox 231 3403 1312 3489; baseline 0.006 -24"><span class='ocrx_word' id='word_1_218' title='bbox 231 3474 235 3481; x_wconf 7' lang='grc' dir='ltr'>ἃ</span> <span class='ocrx_word' id='word_1_219' title='bbox 305 3403 532 3486; x_wconf 81' lang='lat' dir='ltr'><strong>aboleaturquc3</strong></span> <span class='ocrx_word' id='word_1_220' title='bbox 569 3429 627 3488; x_wconf 84' lang='lat' dir='ltr'><strong>quc</strong></span> <span class='ocrx_word' id='word_1_221' title='bbox 647 3411 679 3469; x_wconf 83' lang='lat' dir='ltr'><strong>iu</strong></span> <span class='ocrx_word' id='word_1_222' title='bbox 701 3429 772 3472; x_wconf 83' lang='lat' dir='ltr'><strong>caru</strong></span> <span class='ocrx_word' id='word_1_223' title='bbox 794 3416 883 3474; x_wconf 86' lang='lat' dir='ltr'><strong>etiam</strong></span> <span class='ocrx_word' id='word_1_224' title='bbox 902 3406 1050 3477; x_wconf 73' lang='lat' dir='ltr'><strong>liutardum</strong></span> <span class='ocrx_word' id='word_1_225' title='bbox 1071 3416 1199 3489; x_wconf 80' lang='lat' dir='ltr'><strong>accidit,</strong></span> <span class='ocrx_word' id='word_1_226' title='bbox 1227 3423 1256 3472; x_wconf 81' lang='lat' dir='ltr'><strong>ut</strong></span> <span class='ocrx_word' id='word_1_227' title='bbox 1270 3406 1312 3466; x_wconf 66' lang='grc' dir='ltr'><strong>Μ·</strong></span> 
     </span>
     <span class='ocr_line' id='line_1_32' title="bbox 303 3503 661 3593; baseline 0.014 -29"><span class='ocrx_word' id='word_1_228' title='bbox 303 3503 359 3565; x_wconf 84' lang='lat' dir='ltr'><strong>bur</strong></span> <span class='ocrx_word' id='word_1_229' title='bbox 379 3508 443 3583; x_wconf 83' lang='lat' dir='ltr'><strong>ipae</strong></span> <span class='ocrx_word' id='word_1_230' title='bbox 465 3518 661 3593; x_wconf 75' lang='lat' dir='ltr'><strong>consumatur.</strong></span> 
     </span>
    </p>

    <p class='ocr_par' dir='ltr' id='par_1_8' title="bbox 225 3599 1314 4290">
     <span class='ocr_line' id='line_1_33' title="bbox 389 3599 1313 3691; baseline 0.003 -29"><span class='ocrx_word' id='word_1_231' title='bbox 389 3599 552 3664; x_wconf 83' lang='lat' dir='ltr'><strong>Memorato</strong></span> <span class='ocrx_word' id='word_1_232' title='bbox 573 3607 694 3688; x_wconf 77' lang='lat' dir='ltr'><strong>dignum</strong></span> <span class='ocrx_word' id='word_1_233' title='bbox 714 3626 830 3689; x_wconf 82' lang='lat' dir='ltr'><strong>qnoque</strong></span> <span class='ocrx_word' id='word_1_234' title='bbox 851 3624 908 3688; x_wconf 86' lang='lat' dir='ltr'><strong>ert,</strong></span> <span class='ocrx_word' id='word_1_235' title='bbox 930 3610 1021 3690; x_wconf 89' lang='lat' dir='ltr'><strong>quod,</strong></span> <span class='ocrx_word' id='word_1_236' title='bbox 1050 3604 1105 3672; x_wconf 86' lang='lat' dir='ltr'><strong>ora</strong></span> <span class='ocrx_word' id='word_1_237' title='bbox 1126 3608 1269 3691; x_wconf 79' lang='lat' dir='ltr'><strong>palpebrae</strong></span> <span class='ocrx_word' id='word_1_238' title='bbox 1282 3605 1313 3660; x_wconf 84' lang='grc' dir='ltr'>ἰι·</span> 
     </span>
     <span class='ocr_line' id='line_1_34' title="bbox 225 3700 1313 3792; baseline 0.009 -32"><span class='ocrx_word' id='word_1_239' title='bbox 225 3764 229 3785; x_wconf 44' lang='lat'><strong>¹</strong></span> <span class='ocrx_word' id='word_1_240' title='bbox 302 3709 456 3781; x_wconf 82' lang='lat' dir='ltr'><strong>troverra,</strong></span> <span class='ocrx_word' id='word_1_241' title='bbox 482 3702 588 3764; x_wconf 75' lang='lat' dir='ltr'><strong>bulbus</strong></span> <span class='ocrx_word' id='word_1_242' title='bbox 615 3706 770 3768; x_wconf 65' lang='lat' dir='ltr'><strong>intertum&lt;</strong></span> <span class='ocrx_word' id='word_1_243' title='bbox 791 3714 957 3790; x_wconf 88' lang='lat' dir='ltr'><strong>nonplane</strong></span> <span class='ocrx_word' id='word_1_244' title='bbox 979 3723 1175 3792; x_wconf 79' lang='lat' dir='ltr'><strong>contegatur,</strong></span> <span class='ocrx_word' id='word_1_245' title='bbox 1205 3725 1262 3769; x_wconf 84' lang='lat' dir='ltr'><strong>catu</strong></span> <span class='ocrx_word' id='word_1_246' title='bbox 1276 3700 1313 3759; x_wconf 65' lang='lat' dir='ltr'><strong>bl</strong></span> 
     </span>
     <span class='ocr_line' id='line_1_35' title="bbox 229 3798 1312 3887; baseline 0.001 -30"><span class='ocrx_word' id='word_1_247' title='bbox 229 3864 231 3871; x_wconf 22' lang='lat' dir='ltr'><em>s</em></span> <span class='ocrx_word' id='word_1_248' title='bbox 303 3803 366 3876; x_wconf 82' lang='lat' dir='ltr'><strong>ejur</strong></span> <span class='ocrx_word' id='word_1_249' title='bbox 387 3798 602 3862; x_wconf 77' lang='lat' dir='ltr'><strong>introversione</strong></span> <span class='ocrx_word' id='word_1_250' title='bbox 621 3805 761 3882; x_wconf 88' lang='lat' dir='ltr'><strong>palpebra</strong></span> <span class='ocrx_word' id='word_1_251' title='bbox 782 3801 865 3869; x_wconf 69' lang='lat' dir='ltr'><strong>subm</strong></span> <span class='ocrx_word' id='word_1_252' title='bbox 884 3827 937 3887; x_wconf 87' lang='lat' dir='ltr'><strong>per</strong></span> <span class='ocrx_word' id='word_1_253' title='bbox 958 3811 1179 3887; x_wconf 85' lang='lat' dir='ltr'><strong>amplitudinem</strong></span> <span class='ocrx_word' id='word_1_254' title='bbox 1199 3804 1260 3884; x_wconf 82' lang='lat' dir='ltr'><strong>qnld</strong></span> <span class='ocrx_word' id='word_1_255' title='bbox 1275 3802 1312 3858; x_wconf 84' lang='lat' dir='ltr'><strong>lu·</strong></span> 
     </span>
     <span class='ocr_line' id='line_1_36' title="bbox 300 3889 1313 3981; baseline 0.005 -25"><span class='ocrx_word' id='word_1_256' title='bbox 300 3899 415 3959; x_wconf 83' lang='lat' dir='ltr'><strong>minuta</strong></span> <span class='ocrx_word' id='word_1_257' title='bbox 436 3901 484 3963; x_wconf 86' lang='lat' dir='ltr'><strong>rit.</strong></span> <span class='ocrx_word' id='word_1_258' title='bbox 512 3918 514 3921; x_wconf 76' lang='grc'>’</span> <span class='ocrx_word' id='word_1_259' title='bbox 534 3903 598 3972; x_wconf 74' lang='lat' dir='ltr'><strong>Quo</strong></span> <span class='ocrx_word' id='word_1_260' title='bbox 621 3907 709 3964; x_wconf 87' lang='lat' dir='ltr'><strong>etiam</strong></span> <span class='ocrx_word' id='word_1_261' title='bbox 729 3889 782 3981; x_wconf 77' lang='lat' dir='ltr'><strong>bt,</strong></span> <span class='ocrx_word' id='word_1_262' title='bbox 808 3918 844 3967; x_wconf 91' lang='lat' dir='ltr'><strong>ut</strong></span> <span class='ocrx_word' id='word_1_263' title='bbox 862 3925 970 3968; x_wconf 88' lang='lat' dir='ltr'><strong>cornea</strong></span> <span class='ocrx_word' id='word_1_264' title='bbox 988 3919 1040 3969; x_wconf 86' lang='lat' dir='ltr'><strong>aut</strong></span> <span class='ocrx_word' id='word_1_265' title='bbox 1057 3909 1313 3968; x_wconf 70' lang='lat' dir='ltr'><strong>celerationem</strong></span> 
     </span>
     <span class='ocr_line' id='line_1_37' title="bbox 301 3994 1313 4081; baseline 0.017 -28"><span class='ocrx_word' id='word_1_266' title='bbox 301 3996 417 4056; x_wconf 86' lang='lat' dir='ltr'><strong>lnrulro</strong></span> <span class='ocrx_word' id='word_1_267' title='bbox 439 4004 665 4079; x_wconf 83' lang='lat' dir='ltr'><strong>comprimatur,</strong></span> <span class='ocrx_word' id='word_1_268' title='bbox 687 4015 718 4064; x_wconf 88' lang='lat' dir='ltr'><strong>et</strong></span> <span class='ocrx_word' id='word_1_269' title='bbox 738 4004 1026 4068; x_wconf 74' lang='lat' dir='ltr'><strong>cornca&#39;convexior</strong></span> <span class='ocrx_word' id='word_1_270' title='bbox 1046 4007 1203 4080; x_wconf 83' lang='lat' dir='ltr'><strong>reddatur,</strong></span> <span class='ocrx_word' id='word_1_271' title='bbox 1223 3994 1313 4081; x_wconf 76' lang='lat' dir='ltr'><strong>quola·</strong></span> 
     </span>
     <span class='ocr_line' id='line_1_38' title="bbox 301 4095 1314 4179; baseline 0.011 -29"><span class='ocrx_word' id='word_1_272' title='bbox 301 4110 353 4152; x_wconf 84' lang='lat' dir='ltr'><strong>cna</strong></span> <span class='ocrx_word' id='word_1_273' title='bbox 374 4095 524 4161; x_wconf 76' lang='lat' dir='ltr'><strong>radiorum</strong></span> <span class='ocrx_word' id='word_1_274' title='bbox 543 4103 618 4162; x_wconf 83' lang='lat' dir='ltr'><strong>lucia</strong></span> <span class='ocrx_word' id='word_1_275' title='bbox 639 4113 786 4179; x_wconf 85' lang='lat' dir='ltr'><strong>mutatur,</strong></span> <span class='ocrx_word' id='word_1_276' title='bbox 815 4117 846 4167; x_wconf 86' lang='lat' dir='ltr'><strong>et</strong></span> <span class='ocrx_word' id='word_1_277' title='bbox 866 4107 991 4166; x_wconf 75' lang='lat' dir='ltr'><strong>facultar&#39;</strong></span> <span class='ocrx_word' id='word_1_278' title='bbox 1012 4106 1134 4168; x_wconf 85' lang='lat' dir='ltr'><strong>videndi</strong></span> <span class='ocrx_word' id='word_1_279' title='bbox 1155 4102 1251 4165; x_wconf 78' lang='lat' dir='ltr'><strong>exinde</strong></span> <span class='ocrx_word' id='word_1_280' title='bbox 1265 4110 1314 4175; x_wconf 50' lang='grc' dir='ltr'>ιιι</span> 
     </span>
     <span class='ocr_line' id='line_1_39' title="bbox 300 4188 1311 4290; baseline 0.013 -40"><span class='ocrx_word' id='word_1_281' title='bbox 300 4188 425 4255; x_wconf 84' lang='lat' dir='ltr'><strong>multum</strong></span> <span class='ocrx_word' id='word_1_282' title='bbox 445 4198 590 4266; x_wconf 85' lang='lat' dir='ltr'><strong>turbatur.</strong></span> <span class='ocrx_word' id='word_1_283' title='bbox 634 4199 680 4265; x_wconf 78' lang='lat' dir='ltr'><strong>Eo</strong></span> <span class='ocrx_word' id='word_1_284' title='bbox 700 4204 732 4262; x_wconf 86' lang='lat' dir='ltr'><strong>ln</strong></span> <span class='ocrx_word' id='word_1_285' title='bbox 753 4223 825 4267; x_wconf 84' lang='lat' dir='ltr'><strong>caru</strong></span> <span class='ocrx_word' id='word_1_286' title='bbox 846 4217 955 4282; x_wconf 90' lang='lat' dir='ltr'><strong>autem,</strong></span> <span class='ocrx_word' id='word_1_287' title='bbox 977 4188 1035 4290; x_wconf 84' lang='lat' dir='ltr'><strong>qno</strong></span> <span class='ocrx_word' id='word_1_288' title='bbox 1057 4205 1162 4266; x_wconf 88' lang='lat' dir='ltr'><strong>bulbua</strong></span> <span class='ocrx_word' id='word_1_289' title='bbox 1182 4215 1236 4264; x_wconf 83' lang='lat' dir='ltr'><strong>noa</strong></span> <span class='ocrx_word' id='word_1_290' title='bbox 1249 4196 1311 4273; x_wconf 72' lang='lat' dir='ltr'><strong>phot</strong></span> 
     </span>
    </p>
   </div>
   <div class='ocr_carea' id='block_1_5' title="bbox 0 0 1380 4960">
    <p class='ocr_par' dir='ltr' id='par_1_9' title="bbox 0 0 1380 4960">
     <span class='ocr_line' id='line_1_40' title="bbox 0 0 1380 4960; baseline 0 0"><span class='ocrx_word' id='word_1_291' title='bbox 0 0 1380 4960; x_wconf 95' lang='lat' dir='ltr'><strong> </strong></span> 
     </span>
    </p>
   </div>
  </div>
 </body>
</html>
