2762 4960
284 413 476 462 arunte
509 412 885 465 carananutnan.
1060 412 1108 480 33
1158 388 1164 397 ¹

63 595 152 635 mom
182 570 279 653 quod
300 588 382 650 opus
402 581 540 630 essesut
564 569 758 633 substantia
766 568 863 631 lentis
887 567 1024 646 fibrora,
1051 583 1108 632 ιιιι

67 683 203 725 excurre
230 665 324 734 omni
349 659 485 721 humore
512 673 568 719 aut
592 663 811 721 maceratione
834 665 871 720 iu
898 677 1105 742 conspectum

40 746 45 751 ’
65 736 195 828 veniat',
214 758 265 815 nti
278 758 316 814 in
329 753 399 812 aliis
413 748 577 833 partibus,
597 769 684 831 quae
702 750 758 809 tali
774 750 918 833 gaudent
937 768 1106 828 structura,

65 844 161 954 quod
179 860 294 914 antem
319 843 413 904 nulio
433 841 533 903 modo
552 838 598 900 fit
645 842 767 903 Contra
783 839 855 901 lent
874 845 1032 909 etiamad
1047 849 1111 907 ani·

65 938 195 995 nimum
231 953 338 1015 usque
371 933 548 995 cellulosae
577 931 699 993 reridui
737 951 845 1010 paene
874 948 944 997 tota
975 934 1109 997 solvitur

67 1042 154 1104 equa
172 1027 229 1096 ¹);‚
247 1056 289 1071 -·
313 1025 434 1089 deinde
453 1022 545 1105 quod
562 1027 599 1084 in
616 1020 760 1084 lentibus
776 1023 978 1101 recentibus,
1005 1045 1109 1107 quan·

66 1116 378 1196 tnmvirperspicue
396 1130 493 1181 strata
518 1128 655 1195 potsunt
673 1113 840 1197 dignotci,
867 1114 951 1177 nihil
968 1122 1109 1180 occurrit

65 1204 172 1265 simile
188 1204 401 1285 ‚muranum
427 1203 581 1274 fibroaaet
613 1202 758 1286 denique
785 1204 878 1284 quod
900 1206 997 1267 lentis
1016 1207 1108 1270 deta

66 1299 134 1355 acio
153 1297 202 1355 ric
221 1294 365 1369 dictain
383 1298 542 1374 primitiva
557 1309 723 1378 tegmenta
743 1308 777 1356 et
789 1292 902 1368 fibras,
919 1312 1026 1359 morte
1038 1308 1110 1362 tan·
1201 1370 1204 1377 ,

68 1398 155 1457 tum,
175 1400 234 1446 aut
251 1389 447 1448 tractatione
465 1384 674 1466 postmodum
693 1382 837 1447 adhibita
852 1390 1011 1470 gignitur,
1031 1384 1063 1450 li.
1078 1407 1109 1453 e.

69 1494 110 1537 co
131 1490 261 1537 tantum
285 1472 440 1549 efficitur,
465 1476 557 1557 quod
575 1490 672 1539 ιιιιιι
693 1481 867 1551 continue,
896 1483 1109 1542 οιιίιιιιιίοιιο

68 1567 317 1641 traam-tacta,
338 1581 394 1627 aut
405 1566 552 1628 adhibito
567 1571 633 1629 vini
644 1572 760 1647 spiritu
765 1610 778 1642 ,
800 1569 913 1646 acido,
931 1571 1039 1635 calore
1053 1586 1110 1635 rut

73 1663 239 1737 coctione,
249 1684 253 1703 ι
265 1658 379 1739 aliqua
392 1674 485 1740 parte
504 1659 697 1721 elarticitatis
714 1680 812 1735 auae,
833 1682 899 1742 qua
913 1677 1005 1725 tensa
1020 1680 1107 1737 tunt,
1126 1674 1130 1680 ’

71 1755 251 1830 privantur:
283 1763 316 1808 et
336 1749 428 1829 quod
444 1754 580 1811 maxime
596 1771 636 1813 eo
656 1753 692 1811 in
704 1752 799 1825 loco,
822 1750 879 1814 ahi
897 1757 1032 1833 propius
1044 1754 1110 1818 riht
1134 1766 1136 1773 '

72 1841 239 1919 adjacent,
261 1847 299 1902 in
311 1842 397 1921 polis
410 1841 561 1914 scilicet,
570 1851 606 1900 et
615 1847 752 1902 manime
766 1848 802 1904 in
814 1845 896 1926 polo
908 1845 1057 1907 inferiori
1070 1852 1110 1911 in

68 1930 421 2003 lamellassdiecednnn
439 1931 475 1992 id
488 1929 581 2012 qnod
593 1933 889 1998 inomnihuscerte
900 1934 1044 1997 lentibus
1055 1958 1110 1999 ao·

70 2025 160 2101 cidit,
181 2047 269 2107 qnae
281 2026 383 2104 magis
398 2022 441 2083 ad
454 2021 820 2105 figuramrlantifomem
834 2024 1012 2101 accedunt,
1033 2046 1109 2089 cunt

69 2134 187 2179 contra
200 2120 341 2196 piacinm
355 2115 471 2187 lenter,
486 2116 586 2195 magis
599 2112 797 2192 sphaericae,
816 2115 912 2178 simul
924 2130 988 2175 tam
1002 2120 1039 2177 in
1051 2134 1112 2178 en·

69 2213 186 2271 teriori
201 2229 297 2289 quam
309 2210 484 2286 posteriori
498 2207 578 2284 poio
590 2203 769 2267 finduntur.
794 2205 888 2284 Quae
900 2214 1061 2289 reparatio
1072 2213 1110 2275 in

69 2299 169 2379 polis,
181 2319 348 2379 nunquam
365 2320 383 2357 a
397 2297 496 2358 limbo
510 2311 565 2357 aut
578 2296 697 2358 circulo
707 2302 843 2359 marimo
854 2296 1006 2360 inchoare
1017 2301 1108 2362 tolet

68 2391 197 2459 Roman
215 2395 285 2470 quis
299 2388 448 2466 objiciat,
470 2388 659 2450 divisionem
674 2388 761 2448 iliam
780 2389 875 2450 lentis
893 2387 1054 2451 humanae
1072 2396 1111 2455 in

68 2497 156 2557 octo,
170 2480 319 2549 hovillae
331 2485 368 2539 in
380 2495 484 2541 senet
493 2478 661 2558 leporinae
675 2482 712 2539 in
724 2494 864 2559 φιιιιιιοι
875 2495 1053 2561 segmenta,
1073 2495 1112 2543 ιιι

72 2563 141 2639 eam
156 2570 257 2633 Reil
275 2570 433 2645 definivit,
454 2586 487 2631 et
500 2569 589 2644 dixit,
610 2589 738 2648 semper
751 2588 819 2631 uno
836 2570 1021 2648 eodemque
1039 2569 1112 2632 heri

72 2664 200 2738 ordine,
217 2677 339 2724 certam
353 2682 372 2721 e
387 2660 475 2721 fibris
492 2664 766 2721 constructionem
782 2657 1006 2739 comprobare.
1043 2661 1111 2720 Sed

71 2753 312 2837 primumhnec
325 2751 456 2824 divisio,
475 2755 501 2811 si
513 2754 544 2812 ti
557 2770 627 2815 non
644 2749 818 2830 perfecerit
825 2789 836 2822 ,
857 2746 923 2809 sed¹
932 2748 976 2809 ad
987 2748 1111 2813 lentem

72 2853 174 2928 ipram
191 2852 238 2910 -in
255 2848 330 2908 aire
350 2845 561 2903 exsiccantem
581 2841 748 2914 retuleris,
771 2859 978 2920 nequaquam
1000 2840 1057 2901 tali
1075 2841 1113 2905 ht

73 2939 216 3024 regulari
229 2936 360 3005 ordine,
379 2934 438 2997 sed
451 2953 565 2995 omnes
580 2932 649 2993 fere
662 2932 768 2995 lenter
782 2936 921 3010 primum
936 2936 971 2992 iu
984 2944 1048 2993 tres
1060 2936 1112 3001 in·

73 3030 229 3112 aequales
241 3041 367 3107 partes,
389 3039 546 3105 quantum
561 3025 713 3106 equidem
733 3027 859 3103 saepius
875 3024 959 3098 vidi,
982 3039 1016 3085 et
1031 3041 1112 3089 tuno

73 3123 107 3182 in
128 3119 316 3200 complures
337 3120 499 3191 minores,
516 3116 629 3177 itidem
647 3115 903 3199 magnitudine
893 3131 980 3177 rnter
998 3138 1033 3179 ae
1051 3123 1113 3180 im·

71 3234 188 3300 pares,
209 3211 415 3278 dividuntur3
448 3206 569 3270 deiude
589 3204 733 3269 dehiscio
752 3207 837 3270 illa
827 3226 864 3268 ιιι
880 3223 985 3279 certas
1003 3225 1111 3290 parter

71 3312 200 3387 optime
218 3321 353 3386 quoque
368 3304 495 3361 ratione
510 3297 699 3360 mechanica
720 3313 828 3379 potest
845 3300 996 3378 explicam
1002 3342 1014 3375 ,
1034 3299 1066 3361 h.
1080 3321 1112 3362 e.

71 3396 268 3463 mechanica
290 3396 383 3476 quasi
401 3391 526 3473 pendet
546 3412 565 3449 a
582 3390 686 3468 forma
704 3390 811 3453 lentis.
854 3390 956 3468 Quod
973 3394 1111 3452 maxime

74 3500 215 3573 apparet
237 3507 277 3548 ex
295 3484 385 3545 lente
406 3487 542 3564 piscium
565 3482 634 3542 fere
657 3479 812 3568 globosa,
837 3499 922 3563 quae
942 3496 1113 3559 nunquam

73 3574 239 3663 inpares,
259 3576 318 3639 sed
340 3572 467 3686 semper
485 3575 681 3658 inaequales
693 3568 828 3634 finditur
846 3583 973 3652 partes,
995 3567 1114 3630 eodem

73 3673 142 3735 iere
168 3670 290 3744 modo,
324 3690 362 3730 ac
390 3670 418 3729 si
440 3666 576 3749 sphaera
599 3672 701 3731 vitrea
724 3670 761 3726 in
779 3669 874 3725 rimas
895 3660 1113 3742 disrumpitur

74 3764 255 3844 Nunquam
275 3767 364 3825 enim
382 3760 453 3823 lens
470 3762 623 3843 piscium,
643 3758 738 3821 acl
713 3777 740 3818 ιι
755 3773 826 3817 eam
832 3757 876 3814 in
890 3749 989 3812 acidis
1004 3766 1036 3811 et
1049 3754 1114 3831 api-

84 3906 147 3915 ——o

110 3990 144 4060 ι)
159 3946 357 4043 Berzelius
375 3980 553 4051 Uebersicltt
560 3984 609 4045 der
623 3978 810 4038 Fortacltritte
827 4001 856 4036 u.
870 3978 898 4033 d.
912 3976 1116 4054 gegenwartig

126 4043 303 4113 Zustaudes
321 4054 371 4110 der
387 4054 561 4115 thieriachen
575 4051 705 4108 Chamie.
744 4051 780 4108 A
794 4047 823 4109 d
838 4051 866 4105 S.
882 4064 943 4104 von
964 4047 1020 4102 Dr
1039 4044 1117 4116 stg-

143 4143 245 4182 wart.
281 4122 437 4209 Nurnber'g
455 4132 547 4192 ¹8¹5·
553 4140 583 4197 p
582 4123 697 4207 68

101 4248 198 4293 nanu
213 4246 310 4309 script.
322 4241 476 4305 ιηιῖιιΙιιιῑιι.
489 4257 554 4292 mm.
561 4241 582 4288 i.
829 4219 856 4278 G
