2744 4960
329 773 831 848 PROOEMIUM.

467 922 700 943 .......,......,

60 991 247 1125 Tunipam
265 1037 426 1121 ‘comeam
451 1032 686 1121 humoremque
714 1044 744 1104 ei
767 1041 937 1106 finitimum
955 1058 1096 1117 examini

0 1204 1 1211 ἵ
56 1119 510 1221 ρὴγείοἰοὲίοοφραῑίιοΙοςὶοο
527 1138 634 1200 denuo
648 1138 847 1223 submittere,
871 1148 959 1224 mihi,
980 1155 1092 1217 dieser.

57 1233 190 1313 tationis
209 1233 378 1287 materiam
393 1234 573 1317 quaerenti,
595 1251 676 1316 opus
689 1251 752 1291 uec
765 1237 1011 1318 infructuosum,
1031 1267 1094 1310 noc

57 1326 232 1400 proposito
248 1315 422 1398 'indignum
441 1313 618 1401 videbatur.
649 1313 748 1399 'Quin
774 1332 859 1387 varia
879 1324 963 1392 'mihi
984 1337 1095 1399 aderat

59 1432 166 1485 cause,
187 1431 245 1469 cur
264 1408 340 1469 huic
359 1417 544 1488 praesertim
563 1418 709 1487 materiei
729 1437 861 1496 operum
878 1421 1091 1490 libentissimo

58 1523 212 1563 navatem
233 1503 352 1561 animo.
381 1497 477 1558 Hau'd
495 1501 565 1560 leve
585 1503 714 1581 scilicet,
725 1514 854 1569 tunicae
873 1529 1006 1578 nostrae
1022 1542 1094 1582 mu·

58 1613 122 1654 nus
144 1597 229 1650 etin
247 1590 409 1666 morbosis
434 1592 519 1671 oculi
549 1590 773 1658 allectionibus
800 1615 846 1661 est
871 1611 957 1666 etin
981 1630 1096 1690 opem.

59 1683 205 1745 tionibus
225 1678 449 1759 ophthalmt'cis
458 1723 469 1751 ,
491 1683 606 1762 quibus
626 1694 741 1746 nostris
760 1699 945 1767 praesertim
966 1715 1093 1780 tempo.
1159 1704 1160 1708 ’

58 1776 151 1837 ribus
186 1770 484 1853 ophthalmologiae
516 1773 677 1865 doctrina
705 1777 810 1838 ditata·
836 1781 907 1842 luit.
929 1792 932 1795 “
953 1789 1092 1870 Magnus

57 1888 157 1948 porro
186 1878 413 1946 aegrotorum,
452 1864 616 1953 oculorum
638 1866 758 1928 morbis
785 1871 1018 1953 laborantium,
1057 1886 1095 1955 in

59 1959 142 2018 alma
163 1957 478 2036 Georgia-Augusta
503 1953 667 2015 confluxus
688 1958 730 2016 ad
750 1957 988 2028 observationes
1010 1976 1094 2036 circa

55 2065 202 2111 nostram
222 2051 360 2109 tunicam
380 2045 591 2106 instituendas
611 2052 765 2125 optimam
783 2050 981 2133 largiebatur
999 2053 1093 2123 occa.

53 2145 196 2202 tionem.
234 2130 552 2197 Dissertatiuncula'm
572 2139 670 2214 igitur
688 2136 803 2225 hyeme
825 2152 898 2214 1815
916 2145 1099 2233 Gottingae

55 2251 97 2292 eo
115 2244 226 2309 usque
245 2226 478 2287 elaboraveram
487 2246 506 2297 ,·
530 2239 566 2283 ut
587 2224 691 2287 iulum
714 2252 785 2293 eam
806 2241 889 2318 typis
910 2242 1096 2308 excutiendi

53 2327 232 2403 negotium
250 2331 435 2399 superesset,
457 2327 528 2377 eum
543 2325 629 2398 gravi
649 2318 737 2381 bello
759 2332 882 2401 patriae
901 2334 1017 2392 iterum
1032 2337 1093 2405 mi-⁸

53 2429 135 2475 nato
158 2430 255 2494 grave
281 2423 405 2487 tempus
433 2413 548 2474 iterum
573 2411 706 2488 juvenes
735 2417 932 2495 postularet,
974 2432 1031 2505 qui
1059 2441 1092 2489 et

56 2507 176 2581 patrias
197 2499 276 2560 fines
296 2497 511 2559 defenderent
533 2516 564 2560 et
584 2504 695 2564 fratres
716 2509 751 2564 in
771 2513 967 2572 sanctissima
981 2535 1093 2597 pugna

55 2595 241 2655 vulneratos
262 2611 376 2650 sanare
401 2598 534 2671 operam
558 2594 795 2669 impenderent.
833 2600 969 2676 Abjecta
994 2608 1093 2686 igitur

1 2715 2 2736 1
55 2691 144 2746 omni
166 2687 376 2744 cunctatione
397 2695 429 2739 et
450 2682 640 2756 opusculum
661 2684 703 2743 ad
728 2686 876 2744 ultimum
905 2691 973 2750 lere
992 2694 1092 2759 finem
1116 2736 1119 2741 -

54 2775 247 2854 perductum
268 2787 301 2831 et
320 2771 432 2832 urbem
453 2769 582 2849 reliqui,
604 2770 662 2830 ubi
681 2778 716 2838 iu
735 2775 899 2837 fautorum
920 2793 953 2838 et
972 2787 1094 2847 amico.
1157 2804 1171 2819 ··

51 2888 121 2926 rum
140 2865 254 2925 medio
275 2864 359 2921 vitae
379 2858 595 2920 felicissimam
613 2878 750 2941 partem,
771 2866 847 2927 solis
877 2866 977 2931 literis
999 2873 1092 2937 dedi·

55 2974 154 3017 catam
184 2956 339 3034 transegi.
376 2948 486 3009 Unum
512 2950 588 3012 ideo
617 2971 738 3015 annum
764 2960 799 3017 in
827 2962 902 3021 cura
929 2974 961 3020 et
989 2983 1093 3043 opera

54 3047 297 3107 vulneratorum
318 3057 350 3102 et
369 3052 574 3123 aegrotorum
593 3049 628 3105 in
646 3053 837 3111 nosocomio
857 3049 987 3114 militari
1001 3057 1095 3120 Han-¹

53 3157 296 3199 noverauorum
315 3149 456 3195 versatus
477 3155 567 3203 sum;
585 3150 662 3196 tunc
681 3138 811 3197 demum
830 3143 864 3200 in
882 3144 1023 3219 patriam
1039 3170 1091 3217 re·

54 3230 116 3289 dux
135 3230 486 3311 dissertationemfnon
500 3230 568 3286 sine
582 3229 776 3289 verecundia
797 3230 996 3294 eruditorum
1018 3259 1092 3299 exa-

51 3326 128 3381 mini
155 3318 326 3390 submitto,
348 3338 487 3399 quorum
508 3317 744 3399 indulgentiam
765 3334 797 3380 et
816 3320 1096 3402 approbationem

50 3411 126 3471 mihi
145 3416 183 3497 'si-
197 3415 385 3493 impetrasse
398 3412 580 3491 contigerit,
593 3408 733 3491 sublimi,
752 3427 789 3472 ut
805 3413 972 3478 Horatii
990 3417 1104 3482 verbe

50 3522 118 3562 mea
138 3501 272 3574 faciam,
294 3501 407 3561 feriam
427 3500 532 3562 sidere
550 3506 668 3565 vertice
686 3502 726 3579 ²).
1007 3509 1012 3513 '

81 3719 109 3787 ι)
127 3696 392 3770 Πίιεοτῑειῑὶοᾚεεο
403 3696 467 3769 viro
478 3715 730 3789 experientissimo.
747 3720 999 3791 praeclarissimo]
1003 3741 1021 3777 o
1030 3740 1089 3780 un·

115 3783 157 3836 ni
183 3782 686 3865 BaptistanGoltdschmidm
704 3786 860 3866 medicinae
884 3790 995 3846 doctori
1009 3809 1089 3866 prat·

114 3851 304 3913 steutitetmo,
322 3868 398 3924 patri
415 3852 522 3906 elanas.
538 3868 661 3908 auctoris
679 3854 804 3912 dedicata
821 3873 871 3911 est.

261 4042 275 4072 ⁴)
404 4042 408 4049 ι
426 4028 727 4054 ‹nm—u·
758 4034 761 4043 ¹

78 4176 177 4221 naon
195 4171 289 4235 script.
299 4170 452 4236 opattam.
461 4172 525 4223 min.
533 4176 555 4221 t.
