2728 4960
267 366 335 436 ¹92
461 343 684 408 Hosnnn
716 356 974 406 aasentasr
1009 357 1112 404 aru.

259 538 341 591 tur:⁴
361 520 450 585 unde
472 518 541 579 fieri
563 533 633 579 non
650 531 782 596 potest,
800 510 1162 596 quin‹··humor·aqueus
1184 513 1307 592 effluat,

261 622 315 677 iris
335 629 484 693 protrnsa
505 632 577 673 cum
598 609 734 670 residuis
754 624 895 685 corneae
917 622 1121 681 concrescat,
1143 622 1175 668 et
1191 611 1310 690 prola.

258 693 353 788 psum
372 705 467 769 iridis
485 710 530 764 sic
545 704 666 763 dietum
685 706 783 774 sistat,
804 699 856 761 vel
874 698 1078 781 staphyloma
1099 697 1305 774 efformatus}

258 819 346 879 quae
367 797 637 878 degenerationes
656 792 837 864 morbosae,
859 787 1031 851 humorum
1048 790 1211 872 dyscrasia
1229 793 1306 854 sub·

257 892 333 970 jacti
356 887 518 961 suffultae,
537 892 573 949 in
592 883 866 965 metamorphosin
884 884 1081 942 scirrtosam
1103 900 1137 944 et
1155 889 1309 949 camino,

260 998 426 1043 mucosum
445 978 538 1040 bulbi
556 980 641 1040 oculi
661 977 839 1060 transgredi
860 988 1007 1054 possunt.
1056 973 1115 1034 His
1143 997 1182 1037 ex
1207 983 1308 1038 ratio·

257 1071 357 1139 nibus
376 1070 522 1133 morbum
543 1070 687 1153 quamuis
707 1072 816 1148 primis
837 1067 995 1139 exordiIs,
1025 1066 1136 1155 quoad
1154 1068 1305 1131 indolem

258 1182 293 1227 et
311 1166 448 1233 formem
470 1161 553 1223 adeo
573 1161 690 1234 levem,
711 1180 782 1219 non
800 1179 874 1219 raro
893 1157 1132 1241 amblyopiam,
1159 1157 1305 1242 degene-

257 1262 421 1325 rationem
445 1253 538 1314 bulbi
564 1253 651 1312 oculi
676 1255 796 1311 variam
804 1291 814 1324 ,
849 1255 1042 1310 coecitatem
1073 1250 1303 1323 insanabilem,

258 1355 394 1431 imoque
419 1352 504 1408 vitae
531 1344 713 1423 periculum
733 1345 912 1401 minantem
939 1341 1124 1422 producere
1151 1341 1304 1407 observa·

255 1463 341 1505 111118.

256 1548 261 1559 ’
335 1568 417 1629 Cum
437 1570 547 1645 itaque
566 1578 679 1645 nostra
696 1564 836 1624 intentio
857 1562 892 1620 in
912 1581 952 1622 eo
972 1574 1125 1633 versatur,
1148 1575 1187 1619 ut
1209 1557 1303 1635 hujus

258 1660 365 1721 morbi
386 1681 403 1718 a
423 1657 528 1718 forma
547 1652 688 1715 normali
707 1654 903 1723 aberrantis,
931 1656 1032 1713 causis
1052 1653 1208 1733 actiguis
1231 1650 1304 1731 cha·

258 1735 462 1813 racteristicis
490 1749 827 1826 accuratc·expositis,
857 1743 1093 1804 indicationem
1119 1740 1168 1803 bis
1196 1763 1304 1804 corre·

254 1834 566 1929 'spondentemlrite
598 1840 804 1899 instituentes
829 1832 913 1894 mala
941 1853 979 1892 ex
1007 1853 1048 1893 eo
1077 1840 1303 1913 provenientia

281 1951 523 2006 raecaveamus,
549 1935 833 2012 integritatemque
859 1924 1037 1986 functionis
1064 1932 1180 2008 organi
1208 1927 1303 1988 nobi-

253 1955 367 2103 fisstmi
388 2041 634 2103 conservemus3
654 2018 702 2079 his
723 2018 809 2089 bene
834 2024 1022 2099 perpensis,
1056 2016 1177 2096 duplex
1203 2025 1299 2093 ratio,

265 2091 271 2101 o

185 2114 189 2123 ’
254 2110 322 2197 qua
341 2114 440 2178 finem
467 2129 613 2177 nostrum
634 2114 761 2190 assequi
786 2127 975 2186 possumus,
1004 2110 1195 2171 innotescit:
1225 2133 1302 2192 qua·

254 2210 327 2271 'rum
347 2229 416 2267 nna
435 2211 470 2267 in
493 2227 532 2266 eo
555 2208 716 2286 consistit,
746 2216 784 2261 ut
812 2199 891 2260 ciliis
920 2219 937 2259 a
963 2196 1122 2261 formast
1140 2205 1204 2262 situ
1225 2223 1302 2265 nor·

254 2297 332 2358 mali
352 2294 618 2366 deflectentibus,
645 2294 697 2364 vel
724 2293 819 2364 solis,
847 2291 899 2351 vel
920 2311 992 2350 cum
1012 2295 1075 2352 suis
1099 2293 1299 2376 marginibus

257 2386 438 2466 uilieribus,
462 2384 617 2456 formam,
644 2383 857 2467 directionem
879 2399 911 2442 et
928 2384 1132 2443 functionem
1153 2385 1197 2445 ad
1216 2393 1300 2447 sani·

253 2470 327 2541 tetis
347 2498 496 2539 normam
514 2478 670 2559 impertiri
690 2495 856 2545 conemur.
895 2473 1018 2534 Altera
1031 2470 1107 2534 vero
1123 2496 1161 2536 co
1177 2478 1298 2538 tendit:

252 2561 290 2630 ut
310 2571 459 2637 ciliorum
478 2566 631 2631 radicitus
652 2565 888 2629 destructorum
899 2564 1053 2631 facultate
1073 2566 1169 2626 simul
1186 2564 1298 2629 denuo

252 2682 323 2749 sese
342 2659 586 2741 reproducendi
605 2658 750 2733 sublata,
770 2654 926 2718 inflexum
947 2658 1044 2725 oculo
1064 2663 1219 2720 nocivum
1238 2680 1298 2740 per

252 2773 386 2816 omnem
405 2757 502 2827 vitam
524 2753 697 2835 abigamus.
752 2824 756 2833 ⁸

255 2916 258 2942 ²
327 2905 396 2964 iam
411 2904 453 2962 ab
474 2904 740 2991 Hippocratis
759 2920 842 2962 aevo
856 2899 1021 2981 usquead
1038 2902 1296 2965 anadernatem·

250 3014 340 3075 pora,
361 3009 397 3052 ut
411 3012 449 3054 ex
468 2992 596 3055 historia
607 2998 746 3072 eutropii
760 3008 891 3067 constat,
913 2992 968 3059 has
981 2998 1156 3054 sanationis
1171 2995 1295 3056 metho-

252 3087 331 3160 dos,
371 3106 410 3145 ex
437 3100 553 3144 natura
588 3091 636 3144 rei
662 3084 847 3163 desumptas
876 3090 977 3167 magis
1006 3092 1153 3146 minusve
1171 3088 1293 3149 ‘fausto

250 3190 369 3237 eventu
389 3192 422 3236 et
442 3181 515 3238 artis
540 3179 719 3253 peritorum
741 3195 902 3236 consensu
924 3176 1090 3254 adoptatas
1117 3193 1216 3258 atque
1241 3185 1292 3239 in·

250 3272 374 3329 stitutus
401 3268 517 3333 iubae,
554 3285 755 3346 compertum
782 3284 848 3338 estt
878 3270 943 3330 sed
967 3275 1003 3330 in
1034 3276 1291 3349 praesentiarum

246 3358 396 3420 nonduin
417 3358 459 3419 ad
482 3379 521 3418 ea
543 3358 674 3420 eluctati
693 3381 820 3433 sumus,
849 3360 967 3441 quibus
993 3365 1114 3433 innixi,
1143 3378 1176 3422 et
1203 3363 1291 3423 suift-

249 3456 356 3510 cienta
377 3456 574 3529 experientia
595 3449 774 3513 confirmati
792 3449 899 3511 morbi
922 3464 1070 3511 naturam
1092 3468 1124 3513 et
1141 3455 1289 3515 indolens

246 3548 443 3624 perspicere,
456 3558 491 3603 ot
508 3542 596 3619 huic,
612 3545 761 3628 diagnosi
777 3548 840 3606 rite
850 3546 1009 3613 instituta,
1024 3561 1287 3619 consentaneam,

248 3656 286 3695 ac
304 3640 402 3715 proin
418 3657 524 3698 veram
541 3652 573 3697 et
593 3624 723 3698 auidam
742 3640 918 3699 sanationis
936 3635 1133 3695 methodum.
1149 3642 1287 3718 assigna·

245 3747 281 3787 ra
305 3748 491 3807 possemus:
529 3748 606 3789 nam
627 3735 655 3789 si
672 3730 799 3811 regulas
824 3749 885 3807 pro
910 3735 1016 3809 prims
1034 3731 1212 3789 sanationis
1239 3750 1286 3789 ra·

246 3811 336 3880 tione
355 3818 445 3880 datas
469 3827 656 3902 sequimur,
682 3840 781 3899 saepe
807 3827 935 3901 saepius
959 3842 1095 3901 scopum
1121 3817 1288 3900 therapiaa

244 3925 376 3972 nostrae
401 3917 623 4001 praepositum
649 3931 720 3973 non
749 3917 951 3997 attingimus,
984 3927 1038 3973 aut
1066 3908 1200 3971 effeetus
1228 3932 1287 3991 pro

241 4014 392 4079 tempore
417 4004 624 4068 solummodo
650 4020 879 4084 permanentes
905 4005 984 4067 inde
1011 4019 1225 4075 enascuntur,
1254 4019 1286 4065 ut

237 4110 280 4155 ,er
293 4092 487 4173 .fraquantia
507 4098 585 4158 mali
603 4096 813 4163 ,recidivantts
831 4095 964 4160 abunde
984 4112 1084 4178 petet.
1130 4093 1284 4173 Ejusdem
