2762 4960
285 389 340 455 sis
497 368 719 454 urinam
744 397 805 444 nn
827 391 1113 445 srsnsusrn

745 554 774 630 ς·
812 551 860 622 560

362 668 440 731 i’lus
455 659 713 728 adhucueritasis
728 660 882 721 accedere
894 658 1022 720 videtur
1039 673 1171 723 nostras
1187 674 1323 723 senten·

279 754 373 828 siue,
393 763 421 818 si
441 757 484 818 eil
501 755 719 818 evolutionem
739 753 834 812 lentis
851 756 888 817 in
904 752 1078 833 embryone
1096 759 1241 814 animum
1260 754 1322 814 ad·

285 856 451 912 vertimus.
488 847 576 907 Sicut
597 849 683 904 enim
703 858 788 904 totus
806 843 921 907 ocrtlus
942 844 1117 921 admodum
1136 859 1263 906 mature
1283 849 1321 907 in

240 996 243 1001 .
279 942 486 1024 ernbryone,
511 952 548 1003 et
567 935 788 1017 magnitudine
816 955 886 1008 sue,
919 938 1045 995 ustione
1073 940 1170 996 totius
1192 940 1320 1014 capitis,

232 1034 235 1040 ’
282 1033 463 1116 praevalet,
477 1035 521 1091 ita
534 1047 608 1108 pree
619 1025 769 1086 omnibus
784 1025 853 1085 eliis
867 1024 953 1086 oculi
965 1024 1107 1104 pertibus
1123 1026 1186 1088 hoc
1199 1033 1234 1087 in
1246 1028 1319 1088 len·

269 1134 324 1186 ”te
346 1127 453 1186 evenit
466 1122 507 1199 ³1).
551 1120 620 1179 Jam
639 1123 758 1198 primm
778 1116 837 1177 sub
863 1136 989 1189 menses
1012 1118 1141 1178 evoluto
1165 1119 1257 1178 foetu
1282 1121 1320 1178 in

284 1215 440 1287 bomine,
456 1212 574 1288 utrem
594 1222 671 1282 aute
689 1208 849 1268 decimum
868 1208 1084 1269 incubationis
1101 1209 1186 1269 diem
1205 1214 1241 1269 iu
1257 1228 1321 1271 ovo

282 1313 362 1369 'satis
382 1320 430 1366 est
444 1315 546 1364 aucta.
585 1298 674 1378 Quin
684 1297 917 1385 adpetentibus
933 1298 1019 1358 oculi
1038 1298 1227 1360 rudimentis
1244 1303 1321 1359 uni-

281 1400 402 1457 ·vsrsiru
412 1395 480 1472 jem
494 1393 601 1465 adest,
620 1383 758 1469 primum
773 1403 880 1448 sutem
893 1409 965 1449 cum
980 1390 1111 1471 reliquis
1127 1387 1319 1452 ‘humoribus

283 1487 526 1569 bomogeneasn
546 1474 645 1564 magis
668 1484 834 1540 constituit
854 1500 1008 1554 massam,
1040 1486 1188 1560 quocirca
1210 1480 1318 1551 adhuc

287 1598 358 1645 non
376 1577 552 1656 perfectam
567 1571 832 1643 exhibet'leuseru
850 1573 1082 1652 crystallinam,
1104 1588 1216 1634 contra
1235 1574 1317 1634 elios

280 1668 438 1729 '‘humorss
454 1672 490 1728 in
504 1685 538 1725 se
551 1667 718 1724 continere
730 1662 857 1722 videtur
873 1666 915 1741 ²).
954 1667 1084 1727 Certum
1099 1666 1229 1727 demum
1241 1686 1319 1745 per»

279 1766 368 1821 ‘tium
389 1756 577 1818 centralium
596 1753 748 1813 volumen
769 1760 804 1813 in
825 1769 931 1833 partes
955 1757 1215 1833 circumjacentes
1235 1760 1315 1837 agit,

289 1864 338 1924 st,
373 1849 509 1909 adaucta
532 1850 568 1906 in
589 1859 698 1906 centro
715 1845 988 1922 condensatione,
1014 1848 1165 1909 formatio
1184 1868 1317 1929 quoque

278 1947 322 2002 in
349 1939 481 2022 singulis
512 1941 612 2019 magis
643 1935 846 1997 sensibilibus
873 1954 929 1998 aut
952 1938 1159 2001 imitabilibus
1185 1943 1316 2020 organis

277 2033 379 2095 bulbi
398 2035 559 2091 excitatur.
598 2027 751 2088 Nondum
775 2043 899 2102 autem,
911 2044 913 2051 ’
925 2034 1028 2108 prima
1048 2035 1150 2091 centri
1175 2029 1317 2090 consoli-

280 2126 419 2186 detiona
438 2124 539 2194 fecta,
564 2119 710 2202 singulus
730 2116 837 2198 portes
855 2134 959 2181 certos
979 2119 1100 2181 habent
1118 2119 1217 2190 finees
1242 2120 1316 2180 len·
1363 2134 1364 2137 ’

278 2222 391 2297 uisque
411 2214 607 2295 gelatinosae
625 2216 740 2291 ingens
758 2202 911 2272 vo'lumen
928 2224 1027 2270 totam
1047 2211 1116 2271 fere
1133 2210 1220 2271 oculi
1242 2231 1316 2288 pan·

279 2318 351 2367 seur
370 2308 557 2365 interiorem
573 2314 711 2378 occupat
716 2342 727 2371 ,
747 2305 783 2359 iu
801 2315 938 2380 utreque
956 2302 1125 2382 superficie
1143 2301 1316 2379 aequalem

276 2394 385 2461 ‘bnbet
404 2397 650 2463 convexitatem,
678 2409 751 2448 cum
769 2394 876 2468 ipsum
895 2386 1017 2452 nullam
1036 2392 1142 2453 adbuc
1164 2392 1316 2459 esbibeut

279 2500 404 2547 certem
423 2486 576 2557 formem,
602 2497 635 2542 et
652 2476 796 2562 proxime
821 2500 955 2542 corneae
976 2483 1119 2560 adjacet,
1150 2482 1242 2563 'cnjus
1262 2490 1315 2544 in·

278 2592 409 2638 ternam
428 2580 533 2663 tangit
550 2568 760 2653 superficiem.
806 2572 886 2632 Cum
909 2587 1017 2633 eutem
1038 2575 1232 2636 evolationis
1254 2595 1314 2654 po·

278 2670 369 2741 riodi
387 2666 520 2726 ulterius
545 2681 621 2725 suut
645 2682 850 2745 progressae,
881 2677 914 2722 et
932 2666 1077 2747 singulae
1095 2674 1194 2728 cetius
1206 2666 1314 2728 'bulbi

279 2776 406 2842 partes,
431 2762 552 2830 retina,
581 2754 773 2825 choroidea,
802 2773 917 2831 corpus
938 2755 1045 2817 ciliare
1065 2773 1103 2818 ‘et
1127 2762 1180 2817 iris
1204 2758 1316 2836 perie-

285 2865 355 2911 ctae
376 2861 548 2931 apparent,
566 2860 636 2905 tum
657 2846 787 2904 demum
807 2851 902 2905 etiam
921 2846 961 2903 in'
975 2844 1081 2923 lente,
1111 2845 1248 2907 huruore
1266 2853 1317 2909 vi-

280 2956 354 3001 rreo
375 2954 406 2998 et
427 2937 562 2997 humore
581 2952 685 3014 atfueo
701 2949 803 2994 certos
817 2934 1089 3013 deprehendimus
1101 2938 1192 3000 fines.
1231 2940 1314 3000 Uni·

283 3035 401 3110 cuique
421 3031 566 3089 omniurn
591 3025 776 3085 membrana
802 3030 959 3098 nascitur,
993 3047 1057 3109 qua
1078 3049 1097 3089 a
1116 3034 1312 3091 seinvicem

278 3123 510 3202 coiungantur,
532 3130 563 3176 et
580 3121 664 3176 intra
684 3137 780 3195 quarn
799 3120 929 3198 propria
949 3118 1078 3179 demum
1098 3132 1216 3181 eorum¹
1228 3141 1315 3182 con·

276 3213 434 3274 fonnetio
452 3205 622 3289 perficitur.
659 3207 708 3268 Ita
733 3224 867 3292 systema
894 3208 990 3268 lentis
1010 3207 1050 3269 sb
1070 3210 1140 3271 eliis
1163 3211 1313 3290 partibus

278 3302 449 3387 ‘peducidis
469 3315 651 3379 separatur,
676 3304 725 3359 -uis
750 3301 917 3361 iomstim
942 3304 1077 3361 maxime
1102 3306 1138 3362 in
1152 3321 1201 3379 ¹eo
1228 3321 1314 3362 con-

279 3410 460 3469 contratur,
489 3405 523 3452 et
541 3410 605 3472 quo
632 3395 731 3479 magis
759 3390 915 3453 adcrescit
939 3397 1019 3466 vitu,
1046 3413 1085 3454 eo
1108 3397 1208 3475 magis
1230 3392 1315 3455 sub·

279 3534 598 3555 Μ

284 3608 291 3617 ·
316 3630 343 3696 r)
362 3623 445 3678 Coni.
471 3606 662 3740 Malp'isshi
685 3617 771 3690 Opas.
790 3619 896 3674 omnis.
929 3619 974 3673 Ds
993 3600 1162 3679 formatione
1173 3619 1256 3740 pulli
1273 3621 1313 3682 ‘m

292 3689 296 3697 ’
348 3709 414 3746 ovo.
448 3687 577 3741 Halleu
623 3684 679 3739 ela
696 3685 780 3741 form.
797 3686 836 3739 du
852 3684 960 3759 poulst.
1000 3688 1167 3745 J.F.Meo
1199 3687 1313 3745 clib-

346 3756 528 3828 handlungen
544 3772 592 3808 aus
610 3753 638 3808 d.
656 3753 791 3805 menschl.
811 3773 837 3810 u,
851 3752 940 3825 vergi.
960 3755 1039 3809 Anat.
1057 3773 1085 3809 u.
1099 3754 1185 3826 Phys.
1202 3775 1231 3829 p.
1244 3771 1312 3824 277.

346 3827 472 3897 Ejusdem
489 3822 616 3896 Bsitrige
631 3840 655 3873 z.
669 3820 821 3892 vsrglcich.
835 3825 918 3875 nnat.
935 3822 966 3878 B.
982 3835 1004 3877 ι’.
1022 3823 1059 3874 Η.
1071 3840 1095 3875 s.
1114 3830 1190 3889 ²808·
1224 3824 1313 3878 tiis·

345 3912 403 3948 ser
426 3889 519 3946 Urber
537 3890 583 3943 die
600 3886 821 3959 metamorphos.
841 3886 866 3940 d.
885 3890 929 3941 Au
951 3928 959 3943 .
976 3889 1005 3943 d.
1023 3887 1186 3943 babrritetsn
1201 3890 1312 3946 Huhn.

281 3998 287 4005 .
342 3959 486 4083 paroeciis?
498 3957 551 4020 ni,
570 3957 603 4019 in
620 3953 727 4016 ossa
743 3907 1067 4031 esttiesergsssieaga
1083 3977 1108 4011 z.
1121 3956 1211 4031 vargi.
1225 3961 1311 4017 Zee-

355 4046 372 4081 ο
420 4058 445 4082 .·
477 4062 485 4080 .
517 4064 524 4077 .
566 4064 572 4079 .
942 4074 945 4081 .

308 4097 339 4164 2)
359 4032 655 4158 ὴνίβοοοτῖοὲἓὲπ.
677 4109 708 4162 p.
723 4103 783 4149 tos·
