2728 4960
332 381 447 427 cinca
475 381 600 429 visun
627 380 846 430 sentencia.
1087 369 1110 434 9

66 541 133 608 ‚rum
154 522 303 602 attingere
321 517 481 601 maluit¹).
523 517 592 606 Jam
608 541 680 582 vero
699 500 891 604 argumenta,
920 520 1025 599 quibus
1040 543 1109 586 sen·

71 623 191 684 tentiam
211 639 294 679 suam
315 621 420 680 fulcire
440 619 572 694 studuit,
604 621 732 679 examini
751 619 972 697 submittamus,
1004 642 1040 683 aa
1061 643 1109 701 es,

72 738 141 801 quae
162 719 248 780 nobis
269 719 421 779 adversari
439 723 505 781 r'ma
523 729 612 795 sunt,
644 718 840 797 subiiciamus.

543 891 573 966 ξ.
601 888 632 955 4.

165 1016 310 1077 Thourios
338 1014 532 1092 Keplerianac
561 1035 625 1074 enm
649 1019 804 1095 praecipue
830 1016 1033 1097 difficultatem
1056 1020 1109 1080 ob·

73 1128 147 1177 stare
178 1118 311 1188 censuit,
341 1113 420 1190 quod
447 1116 535 1172 lentis
562 1118 750 1194 crystallinae
777 1118 947 1177 convexitas
967 1119 1058 1177 radiis
1077 1122 1110 1179 in

73 1234 189 1289 conum,
211 1218 294 1291 cujus
315 1221 419 1271 vertex
439 1213 565 1272 retinam
585 1215 712 1289 incidat,
733 1214 928 1294 refringendis
949 1214 1028 1275 baud
1047 1219 1111 1277 anf·

74 1313 158 1375 liciat.
192 1342 233 1355 -·-
267 1311 392 1369 Etiamsi
415 1329 486 1368 vero
515 1308 557 1372 Cl.
580 1312 697 1385 Zion,
728 1322 864 1372 naturam
890 1309 1016 1387 bomini,
1043 1334 1110 1373 cor·

72 1413 146 1488 poris
167 1412 300 1470 universi
320 1411 436 1468 ratione
455 1408 574 1484 habita,
605 1413 725 1469 minime
746 1429 908 1470 convexum
928 1413 1038 1471 lentem
1058 1413 1111 1472 de·

74 1509 147 1567 dese
175 1508 345 1567 observavit
360 1504 410 1586 ²),
444 1518 543 1567 tamen
570 1527 631 1568 non
657 1528 721 1568 csso
741 1511 869 1584 lentem,
902 1509 956 1568 aed
974 1528 1112 1573 corneam

73 1610 166 1685 potius
190 1610 379 1684 praecipuum
400 1608 583 1665 aestuationis
604 1610 847 1682 instrumentum,
875 1618 1010 1681 constat,
1038 1630 1111 1688 quo·

75 1708 149 1764 mana
169 1707 217 1765 vis
238 1696 413 1783 refringens,
435 1723 522 1782 quam
542 1708 605 1764 lens
626 1709 747 1780 exserit,
768 1725 828 1764 non
849 1717 932 1773 tanto
952 1711 1045 1787 major
1065 1720 1113 1768 est

76 1823 107 1863 ea
132 1803 266 1865 humoris
294 1805 397 1880 aquei,
430 1812 539 1880 quanto
566 1805 706 1863 refractis
734 1823 876 1879 cerame,
909 1806 1023 1864 sicum
1043 1813 1113 1866 aire

75 1892 295 1981 comparaveris.
338 1900 405 1959 Hoc
423 1902 538 1978 quidem
557 1901 685 1961 stabilito
706 1902 809 1961 Petit
823 1903 851 1979 ³)
873 1913 904 1961 et
923 1901 941 1959 J
948 1907 1112 1981 urine⁴),

76 2002 141 2060 axin
171 2003 267 2075 oculi,
307 2016 432 2058 corneae
459 2019 494 2058 ac
522 2001 610 2058 lentis
641 2002 860 2058 accuratissime
891 2003 1053 2060 emetientis
1081 2014 1113 2063 ct

77 2100 249 2158 conferendo
276 2117 344 2156 cnm
368 2101 495 2175 cujsisvis
520 2096 673 2156 humorum
697 2101 815 2175 propria
842 2100 874 2155 iu
899 2098 997 2157 radios
1010 2118 1113 2180 *agen-

80 2197 108 2255 di
124 2201 163 2271 ri,
192 2197 397 2270 ostenderunt,
427 2198 543 2254 oculum
563 2198 607 2254 ita
627 2216 691 2255 esse
712 2205 926 2270 constructum,
948 2208 983 2255 ut
1002 2199 1113 2274 radios,

81 2296 226 2355 cmodica
248 2296 387 2353 distantia
418 2294 573 2368 advectos,
605 2298 637 2354 in
664 2297 783 2369 unicum
803 2293 955 2373 physicum
974 2307 1114 2371 punctum

79 2395 213 2474 colligere
241 2395 341 2471 possit.
385 2384 612 2469 Quod'quidem
638 2412 698 2452 non
726 2395 770 2450 ito
793 2408 862 2452 'esse
881 2395 1113 2474 intelligendum,

79 2510 110 2550 ac
128 2495 153 2549 si
172 2494 293 2550 minima
314 2494 433 2550 verticis
456 2510 474 2549 a
495 2493 591 2550 retina
612 2492 776 2563 aberratio,
813 2511 866 2550 seu
886 2497 1114 2566 punctum-illu·

79 2600 209 2663 stratum,
230 2593 282 2648 vix
302 2591 334 2646 in
352 2591 492 2648 circulum
510 2589 698 2666 dispersionis
716 2600 879 2663 extensum,
898 2592 1035 2669 imaginis
1053 2595 1116 2651 cla·

81 2691 192 2747 ritatem
221 2689 337 2746 omnino
365 2688 480 2761 turbet,
510 2693 573 2763 jani
601 2688 755 2765 evulgari
781 2688 873 2763 liquet
899 2684 1116 2764 obtestatione,

82 2789 235 2863 prosario
256 2787 372 2844 luminis
393 2786 488 2866 gradu
508 2804 654 2859 summana-
671 2801 786 2860 quoque
807 2786 993 2860 distantiam,
1019 2806 1036 2844 e
1058 2807 1117 2865 qua

83 2883 247 2944 dutinctam
271 2883 380 2961 objecti
399 2885 556 2965 imaginem
585 2885 777 2961 percipimus,
810 2884 984 2962 discrepare.
1027 2884 1116 2949 Tob.

117 3114 145 3184 i)
162 3115 265 3169 Eadem
281 3114 418 3179 sententio,
435 3120 566 3184 tamquam
582 3115 641 3184 ipsa
657 3114 760 3184 pictura
777 3115 875 3170 visoria
886 3114 1034 3171 brunoribus
1049 3119 1117 3174 oculi

166 3188 318 3251 inhaereat,
336 3203 388 3237 non
407 3184 485 3254 plane
501 3203 586 3251 nova,
603 3185 651 3237 sed
665 3187 721 3253 jam
737 3188 921 3256 antiquissimis
937 3190 1031 3244 seculis
1045 3197 1117 3257 nata

167 3257 308 3311 recentiori
326 3256 435 3309 scientia
452 3256 614 3326 aliquatenus
625 3264 782 3325 regenerato
795 3260 875 3312 venit.
899 3260 987 3314 Prima
1001 3263 1059 3329 ejus
1070 3279 1118 3314 ve-

170 3330 251 3397 stigia
269 3327 338 3397 apud
356 3327 585 3379 Aristotelem
602 3329 780 3397 reperiuntur,
798 3331 841 3398 qui
861 3330 937 3399 (cap.
950 3333 975 3382 2.
994 3331 1027 3383 de
1041 3348 1119 3384 sensu
1195 3356 1198 3367 ·

169 3408 198 3452 et
209 3399 320 3466 sensili)
338 3416 394 3449 esse
412 3397 462 3452 τοῦ
480 3393 605 3467 ὄμματος
623 3407 649 3452 τὶ
668 3394 799 3467 deuteros
818 3396 914 3454 illatos
934 3402 979 3453 ait
1015 3402 1118 3453 Clarius

169 3487 227 3523 eam
241 3469 369 3538 exposuit,
387 3467 554 3536 defenditque
571 3468 722 3521 Vitellio
738 3471 778 3538 (v,
791 3470 873 3537 ejusd.
887 3471 997 3538 Optioes
1012 3470 1058 3523 lib.
1072 3472 1118 3523 111.

170 3558 275 3611 propos.
287 3540 327 3607 4.)
341 3541 404 3591 item
421 3538 575 3590 Albazen
593 3539 696 3607 (Optic.
711 3539 756 3591 lib.
771 3540 792 3591 1.
810 3559 835 3591 n.
851 3539 914 3607 16),
932 3542 976 3608 qui
990 3543 1120 3610 crystalli·

169 3629 230 3664 num
254 3611 405 3679 primarium
428 3626 485 3661 esse
507 3609 616 3661 visionis
640 3610 850 3674 instrumentum,
876 3611 937 3678 quin
955 3611 1020 3664 adeo
1037 3613 1120 3681 ipsum

171 3698 261 3735 senatis
278 3681 432 3750 principium
448 3681 581 3733 continere
605 3679 711 3732 duetus
727 3681 816 3735 verbis
831 3688 957 3734 asserunt.
1031 3686 1034 3691 ’

120 3750 151 3820 2)
169 3753 273 3817 Zinn,
297 3750 490 3805 observationes
516 3749 779 3803 circadifferentiam
800 3751 917 3803 fabricae
936 3751 1003 3805 oculi
1019 3753 1122 3807 humani

172 3831 200 3876 et
216 3825 358 3875 brutorum.
385 3823 527 3874 Commeat.
556 3822 676 3890 Gotting.
702 3821 761 3874 Vol.
778 3822 826 3886 IV,
850 3839 875 3891 p.
893 3821 954 3873 269.

121 3892 362 3959 Blumenbach,
392 3893 425 3945 de
450 3893 555 3961 generis
576 3893 644 3944 hum.
667 3895 797 3946 varietate
821 3893 927 3957 nativa,
950 3892 1026 3945 Gott.
1044 3891 1146 3963 1794„

121 3983 212 4104 Ejuic.
230 4033 431 4102 vergleichende
448 4035 583 4087 Anntomie
603 4033 688 4098 1815,
711 4052 738 4104 p.
756 4034 816 4086 408,

121 4103 151 4166 Sl
168 4107 248 4160 bitur.
267 4106 300 4158 de
317 4106 410 4159 l'ocad.
428 4105 475 4157 des
491 4105 615 4168 arieneos,
633 4105 666 4157 de
683 4105 786 4158 l'annte
803 4105 888 4171 1715,
905 4124 932 4176 p.
951 4102 993 4161 19.
1010 4104 1053 4157 20.

123 4176 155 4245 4)
172 4177 259 4247 Essa)
277 4195 347 4247 upon
364 4177 472 4230 distinct
490 4175 540 4226 end
556 4176 693 4229 indistinet
708 4177 810 4242 vision,
834 4194 860 4246 p.
878 4177 945 4241 108,
961 4192 1019 4245 sqq.
