2728 4960
256 388 371 474 ,176
460 383 1162 460 Janeanuta-transrenanos.

370 562 419 622 Ita
438 578 564 636 semper
581 557 715 638 quidem
730 562 795 636 agit
816 577 890 617 acus
908 565 973 622 sive
997 582 1053 640 ρετ
1073 585 1230 639 corneam,
1248 573 1299 628 sive

298 677 358 736 per
378 655 578 714 scleroticam
593 650 726 709 inducta
733 689 744 719 ,
767 664 798 707 et
812 649 925 723 modo,
945 666 1083 732 utroque
1098 659 1131 714 in
1146 677 1222 729 casu,
1241 679 1301 736 pro·
1344 686 1345 727 t

300 750 386 809 iecto
410 743 555 822 aequali,
583 739 838 824 hypomochlion
859 745 895 800 in
915 738 1022 803 tunica
1042 761 1166 822 pertusa
1189 748 1300 810 habens.
1344 730 1345 811 l

297 874 335 886 --
356 826 566 898 Considerata
582 834 735 913 ponderis
751 834 899 893 distantia
914 849 1019 911 patet,
1039 834 1102 895 hoc
1116 845 1207 899 vectis
1220 849 1300 902 actio·
1344 822 1345 915 l

295 952 340 993 ne
359 931 484 991 diverso
506 945 565 1004 pro
589 922 817 1005 hypomochlio
838 925 997 985 diversum
1016 933 1050 986 in
1070 928 1175 988 locum
1192 952 1299 1012 promo·
1344 922 1345 995 ζ

284 1028 373 1084 veri.
397 1053 434 1065 -
458 1015 526 1076 lam
540 1035 616 1074 vero
632 1029 809 1101 cataractae
824 1020 886 1075 situ
905 1037 1057 1099 nexuque
1071 1026 1130 1079 rite
1145 1021 1298 1095 intellecto,

298 1118 355 1196 qui
374 1132 433 1171 acu
452 1127 512 1187 per
531 1107 731 1167 scleroticam
754 1111 894 1168 immissa
913 1129 1048 1187 scopum
1067 1111 1231 1190 praefixum
1248 1115 1301 1174 adi·
1344 1102 1345 1105 Ἰ

221 1257 230 1271 ,
295 1207 384 1283 piscii
399 1199 523 1259 valeam
544 1197 766 1276 debeamque,
796 1199 900 1278 probe
919 1201 1035 1277 video,
1057 1203 1215 1282 quomodo
1239 1225 1299 1271 vero
1344 1216 1345 1275 ζ

297 1316 370 1363 eum
388 1292 448 1352 hac
463 1310 522 1368 per
539 1307 690 1348 corneam
705 1288 817 1349 adacta
833 1305 920 1349 certo
935 1311 1095 1370 assequar,
1115 1315 1234 1374 prorsus
1247 1317 1301 1358 noa
1344 1340 1345 1347 τ

297 1392 401 1468 capio.
441 1383 513 1442 Hoc
535 1386 621 1440 enirn
644 1380 719 1449 loco
742 1401 802 1442 acu
821 1388 917 1440 vectis
938 1387 973 1442 in
994 1387 1127 1446 modum
1147 1403 1257 1451 tantum
1273 1393 1300 1448 ia

281 1495 477 1557 ¹supremam
498 1473 593 1531 lentis
609 1487 736 1550 partem
747 1471 874 1550 agendo
893 1471 978 1534 hanc
992 1477 1175 1556 simpliciter
1188 1480 1300 1540 reclina·
1344 1518 1345 1521 =

296 1573 358 1643 be,
394 1560 554 1647 capsulam
577 1585 613 1624 ex
635 1563 842 1623 inferioribus
867 1567 1030 1646 repagulis
1053 1585 1139 1630 certo
1160 1589 1300 1648 nunquam

295 1662 433 1730 solvam,
462 1671 494 1716 et
515 1660 542 1714 si
563 1655 707 1727 solvero,
734 1655 770 1715 id
789 1676 877 1715 mere
898 1657 1063 1717 fortuitum
1084 1665 1151 1723 eu't.
1187 1663 1299 1722 Atvero
1344 1686 1345 1693 ¹

295 1753 443 1827 Scarpa
464 1747 621 1819 docente,
643 1760 800 1806 cataracta
818 1766 888 1806 non
906 1748 1092 1825 replicanda
1107 1767 1238 1826 tantum,
1255 1751 1299 1810 sed
1344 1822 1345 1833 ρ

296 1852 391 1906 etlam
407 1863 445 1901 ex
459 1842 582 1918 postica
597 1858 722 1897 camera
736 1838 932 1899 removenda
951 1855 1015 1906 est:
1038 1845 1126 1922 quod
1143 1861 1240 1905 autem
1254 1846 1314 1902 acu'

293 1958 353 2018 per
368 1952 516 1995 corneam
538 1931 634 1989 ducta
654 1927 723 1988 fieri
744 1934 862 2008 possit,
884 1929 1064 2013 exlegibus
1084 1942 1178 2000 vectis
1196 1934 1300 1997 mecha·

293 2033 374 2092 nicis
389 2046 461 2084 cum
476 2026 538 2082 situ
551 2027 689 2101 partium
705 2023 791 2083 oculi
807 2023 928 2084 collatis
936 2063 947 2094 ,
969 2044 1040 2084 non
1055 2029 1162 2089 crede.

260 2205 263 2211 ⁴
370 2124 563 2211 Qua'porro
583 2135 710 2190 ratione
731 2127 886 2189 cataracta
907 2131 1073 2195 tenebitur
1093 2138 1239 2198 reclinata
1252 2135 1300 2196 cel·
1344 2132 1345 2187 Ῐ

293 2226 366 2287 lulis
390 2225 531 2299 corporis
550 2226 642 2280 vitrei
661 2241 721 2300 per
740 2211 911 2300 repetitum
936 2239 1115 2288 cataractae
1136 2230 1300 2290 descensum
1344 2250 1345 2307 t

294 2331 327 2377 et
341 2331 507 2373 ascensum
522 2311 625 2390 (quod
646 2311 792 2371 crebrum
807 2316 864 2390 est)
881 2319 1095 2378 anterioribus
1109 2321 1259 2392 laceratis,
1277 2331 1300 2377 et
1344 2340 1345 2383 t

283 2407 420 2469 camera
441 2404 613 2482 posteriori
634 2401 771 2461 muitum
793 2403 960 2482 ampliata,
987 2424 1143 2472 cataracta
1162 2432 1229 2473 vero
1246 2416 1300 2489 ipsa
1344 2424 1345 2435 ¹

290 2504 324 2561 vi
347 2496 543 2578 persistentis
563 2495 702 2571 partium
723 2493 914 2553 inferiorum
938 2506 1151 2563 conflemus,
1174 2518 1255 2562 ten„
1274 2513 1302 2558 ut
1344 2542 1345 2551 ,

293 2607 410 2670 corpus
429 2585 592 2646 clasticum
609 2588 764 2645 continuo
784 2585 959 2648 resiliente.
997 2592 1037 2652 In
1058 2593 1113 2652 tali
1129 2606 1238 2655 eventu
1254 2608 1302 2650 nec
1344 2626 1345 2647 ,

291 2700 429 2764 operans
451 2698 515 2739 nec
536 2694 633 2757 aeger
652 2675 713 2736 sihi
736 2677 995 2755 complacebunt.

364 2807 474 2880 Altera
497 2801 640 2864 conditio
669 2816 732 2860 est:
769 2803 870 2862 Oculo
898 2804 956 2864 sub
982 2802 1192 2885 operatione,
1224 2822 1303 2886 quom
1344 2782 1345 2877 l

282 2904 361 2984 fieri
380 2911 506 2978 potest,
535 2895 681 2953 maxime
696 2910 876 2971 parcatur,
905 2918 966 2976 quo
988 2898 1246 2977 ophthalmicidis
1256 2896 1302 2977 χο.

252 3041 254 3046 .
289 2996 407 3052 mitem·
424 2986 565 3046 sollicite
583 3002 709 3043 arceas.

211 3176 218 3191 Ι
363 3116 486 3174 Verum
506 3109 636 3190 quidem
652 3123 699 3168 est
718 3109 781 3170 hoc
800 3130 951 3193 respectu
968 3135 1165 3195 puncturam
1182 3138 1236 3199 per
1249 3131 1304 3173 cor·

198 3268 204 3277 ,
290 3228 387 3272 neam
407 3209 574 3276 tutiorem,
600 3217 634 3262 et
652 3199 804 3263 laesionis
826 3205 952 3287 plagam
974 3218 1138 3273 minorem
1157 3230 1231 3271 esse.
1271 3203 1304 3262 n
1344 3216 1345 3221 ’

284 3303 401 3380 ,quaeri
424 3309 546 3376 potest,
568 3311 610 3352 an
629 3293 761 3371 simplex
777 3295 964 3359 scleroticae
981 3317 1014 3361 et
1037 3303 1230 3367 choroideae
1246 3313 1304 3374 per·
1344 3344 1345 3379 ἦ

283 3395 421 3472 punctio
439 3387 521 3447 adeo
536 3382 737 3464 periculosa?
760 3407 801 3447 an
815 3391 851 3448 in
865 3386 925 3448 hac
938 3388 1062 3454 funesti
1084 3411 1242 3455 successus
1253 3387 1303 3445 irc·
1344 3386 1345 3389 ’

287 3487 441 3564 quentiae
456 3477 559 3539 talea?
577 3478 800 3558 Experientiae
814 3498 875 3539 vox
889 3479 941 3540 hic
956 3490 1055 3546 unice
1070 3486 1245 3547 decretoria
1258 3487 1302 3543 est,

286 3598 348 3656 qua
358 3617 368 3648 ,
393 3594 465 3634 cum
485 3573 623 3644 constet,
644 3589 713 3631 non
734 3571 868 3650 simplex
887 3572 970 3634 illud
990 3576 1234 3645 vulnusculum,
1256 3563 1300 3629 sed

284 3666 519 3748 ignorantiam,
540 3681 605 3741 quo
620 3660 738 3735 modo,
764 3683 870 3742 quove
884 3663 960 3725 loco
976 3684 1143 3744 punctura
1161 3673 1302 3728 innocuat

283 3758 483 3820 inconditam
506 3774 582 3826 acu,
603 3754 758 3813 tentaculi
778 3754 956 3828 adinstar,
977 3778 1030 3818 sus
1054 3760 1183 3842 deque,
1203 3759 1302 3819 laetam

283 3852 520 3911 motitationem
532 3850 569 3906 in
584 3845 669 3906 oculi
688 3845 913 3921 interioribus,
934 3868 1150 3926 processuum
1166 3849 1303 3912 ciliariutu

285 3940 556 4012 destructionem,
585 3941 715 4017 corpori
739 3935 839 3996 ciliari
862 3953 894 3999 et
912 3960 1015 4000 uveae
1036 3940 1195 4005 inflictam
1214 3935 1302 4001 offen·

283 4054 369 4106 sain,
402 4037 545 4108 corporis
571 4033 663 4089 vitrei
688 4027 867 4107 plenariam
891 4031 1109 4106 dirutimem,
1142 4037 1304 4098 laesionem
1344 4020 1345 4029 ¹

282 4143 380 4215 porro
402 4125 668 4219 contusionemve,
692 4124 817 4201 retinas
824 4161 837 4205 ,
858 4123 1041 4203 improvida
1063 4143 1240 4195 cataractae
1258 4121 1304 4182 dc·
