2744 4960
127 450 145 467 ψ
208 415 270 463 DE
296 414 489 463 SYSTEM‘.
514 411 964 463 nuncuparemur..
1009 424 1020 439 t
1055 414 1103 483 33

89 575 158 634 diam
176 568 263 634 oculi
285 589 444 630 cameram
459 567 623 648 appellare
637 586 816 641 possumne.
855 567 954 647 Cojua
970 572 1103 651 quidem

88 682 218 724 camerae
236 667 345 723 omnia
366 661 502 723 ambitur
521 663 667 738 ratioque
690 664 762 738 qua
780 665 850 738 ipta
871 681 889 721 a
910 661 1105 727 membranis

85 754 159 817 oculi
176 754 334 814 formatur
352 754 469 814 additia
496 754 533 812 iia
552 747 708 830 partibua,
729 758 861 832 quaein
882 772 920 812 ea
935 757 1112 824 contineu-

83 861 134 916 tur,
151 865 171 903 a
189 864 241 903 me
261 860 398 928 cyatema
417 844 513 904 lentia
535 839 735 925 crystallinae
753 857 887 903 vocatur
905 845 942 921 ¹).
970 845 1102 913 Fundua

82 935 163 1010 lnior
182 952 330 996 camerae
349 954 370 995 a
386 934 574 995 membrana
594 930 786 1014 hyaloidea,
807 932 906 994 latera
926 955 944 995 a
965 956 1104 1017 corpora

83 1028 180 1095 ciliani.
199 1030 349 1087 *anterior
365 1030 472 1103 pariet
492 1025 532 1086 ab
552 1023 635 1086 iride
654 1026 901 1086 constituuntur.
937 1027 983 1089 Ex
1002 1028 1103 1094 tribua

83 1124 175 1197 tpatiia
195 1116 291 1192 hujus
313 1117 619 1193 camerae-medium
639 1128 673 1174 et
691 1118 862 1173 maximum
881 1116 951 1176 lena
973 1123 1103 1203 crystal.

81 1212 136 1274 lina
153 1209 212 1271 sibi
230 1208 389 1277 vindicat;
411 1214 494 1269 circa
514 1228 597 1277 eam,
613 1217 789 1285 propterea
810 1206 978 1286 quodipta
995 1217 1102 1279 minor

84 1318 132 1370 att,
151 1321 244 1382 quam
264 1300 353 1360 fosta
375 1306 518 1378 corporis
536 1302 640 1370 vitrei,
660 1297 767 1356 aulcua
777 1298 932 1358 rotundua
943 1322 1100 1380 remanet,

86 1402 237 1475 quietura
258 1392 378 1452 canalis
398 1393 493 1452 Petiti
518 1405 584 1460 eat:
623 1403 656 1448 ct
674 1393 699 1446 ai
720 1387 792 1447 lena
812 1389 991 1470 crystallina
1014 1397 1103 1471 apud

17 1506 18 1535 1
87 1505 119 1546 aa
133 1487 316 1564 praesertim
344 1482 512 1557 animalia,
547 1500 639 1562 quae
666 1486 860 1540 anteriorem
888 1481 956 1555 eiua
984 1484 1102 1548 faciam

17 1592 18 1613 ¹
85 1582 175 1637 minua
189 1596 363 1637 convexam
382 1573 515 1649 habent,
534 1575 649 1634 iridem
668 1577 782 1652 tangit,
800 1568 856 1631 ‘hic
872 1582 1101 1653 quoqueinter

17 1710 18 1743 3
90 1664 291 1729 hanclentem
316 1681 414 1746 atque
440 1668 556 1728 iridem
584 1667 678 1745 spatii
704 1663 828 1743 aliquid
855 1679 971 1737 restat,
987 1742 991 1747 .
1007 1670 1102 1750 quod

17 1808 18 1833 ,
90 1759 190 1840 reigo,
207 1757 267 1820 aed
284 1777 476 1836 perperam,
509 1775 634 1818 camera
662 1752 749 1813 oculi
767 1757 929 1830 posterior
946 1772 1099 1830 vocatur:

17 1840 18 1843 ¹
87 1850 133 1909 aed
153 1855 305 1931 quoniam
331 1869 441 1930 margo
467 1850 609 1926 corporis
640 1846 754 1906 ciliaria
785 1848 928 1906 anterior
958 1852 1099 1935 margini

85 1940 165 1999 lentie
184 1937 353 2011 adhaeret,
382 1947 494 2017 oorpua'
513 1938 623 2000 cillere
643 1936 683 1997 ab
703 1934 787 1995 iride
807 1935 1001 2010 retrahitur,
1025 1961 1099 2020 apa·

83 2035 211 2112 tiumqua
228 2050 268 2088 ex
287 2027 348 2111 hac
365 2035 561 2090 retractione
581 2043 711 2089 enatum
724 2046 796 2085 cum
809 2046 849 2087 eo
868 2033 1097 2105 communicat,

59 2118 63 2123 ’
85 2121 163 2200 qnod
178 2122 297 2181 lentem
318 2124 404 2180 inter
423 2137 521 2199 atque
540 2119 656 2180 iridem
678 2132 835 2178 remanat·
872 2118 906 2177 Si
928 2137 1005 2178 vero
1025 2120 1103 2185 lana

85 2210 248 2292 crystallina
267 2210 308 2271 ab
329 2215 491 2272 anteriore
509 2224 601 2291 parte
623 2208 800 2270 admodum
820 2226 962 2270 convexa
980 2210 1098 2272 iridem

82 2304 186 2380 tangit,
198 2320 253 2378 per
267 2307 495 2385 retractionem
514 2300 781 2380 corporiaciliaria
798 2300 917 2363 canalia
934 2301 1098 2367 circularia

83 2394 162 2451 circa·
175 2396 359 2454 anteriorem
377 2391 474 2454 lentio
494 2397 727 2456 convexitatem
744 2390 912 2456 formatur.

201 2662 262 2732 De
282 2659 373 2729 lente
394 2658 608 2757 crystallino
631 2656 775 2752 ejusque
799 2658 958 2750 capsum

140 2786 218 2847 Lena
246 2785 427 2869 cryttallina
449 2781 656 2847 constituitur
684 2803 703 2843 e
729 2798 848 2865 magna
876 2789 971 2865 copla
996 2804 1098 2848 ment·

79 2873 273 2937 brenulorum
306 2880 372 2936 aiva
401 2877 601 2937 sacculorum
629 2895 785 2956 perquam
816 2877 963 2936 tenuium
997 2890 1100 2958 atquo

77 2967 226 3041 mollium,
256 2966 432 3029 bulborum
464 2973 566 3029 inatar
596 2986 667 3028 aeae
692 2962 941 3028 includantium.
979 2967 1096 3030 Conti-

77 3065 177 3120 nentia
191 3057 306 3120 horum
321 3058 392 3120 talia
407 3074 465 3131 eat,
486 3056 589 3140 qualia
602 3057 722 3120 tolutio
738 3061 860 3141 gummi
873 3054 993 3118 arabici
1007 3074 1096 3120 satu·

75 3163 141 3224 rata,
161 3150 249 3225 ruina
268 3166 406 3211 naturae
426 3170 520 3210 causa
539 3154 584 3210 ita
605 3154 741 3210 interae
760 3148 948 3225 cohaerent,
968 3166 1005 3211 ut
1024 3152 1099 3214 lent

74 3260 173 3302 racana
193 3261 329 3302 martam
351 3237 589 3322 homogeneam
609 3256 642 3302 et
659 3240 828 3302 indivisam
845 3241 974 3304 efficere
986 3243 1099 3305 videa·

74 3330 125 3405 thr,
145 3348 228 3413 quaa
243 3337 399 3392 exsiccata
418 3336 559 3409 tpaciem
579 3350 731 3393 corneam
743 3332 861 3409 refert,
875 3329 958 3392 nihil
967 3330 1098 3394 divitio-

73 3425 114 3482 nia
130 3438 373 3484 monstrantem.
410 3418 553 3485 Difficile
573 3439 621 3485 eat
640 3423 740 3497 dictu,
760 3438 869 3482 utrum
887 3422 1097 3483 membranu⁴

73 3508 205 3575 lucillae
224 3514 312 3578 fibris
334 3528 483 3577 constent
500 3532 564 3574 nac
587 3533 631 3574 ne
648 3516 689 3586 ¹).
715 3506 721 3517 ”
733 3512 819 3572 Illud
845 3525 1099 3589 tamencertum

74 3617 121 3679 ott,
137 3605 272 3682 ut'hae,
299 3606 398 3668 acidia
412 3619 445 3666 et
472 3609 585 3685 apiritu
602 3606 670 3664 vini
690 3601 731 3662 ad
750 3601 899 3661 fibrosam
918 3599 1014 3661 lentis
1028 3615 1097 3663 tex·
1166 3672 1169 3687 ,

71 3705 163 3757 turam
181 3695 469 3760 demonstrandam
489 3693 659 3769 adhibitis,
684 3700 747 3757 niti
769 3708 884 3754 natura
905 3687 1007 3748 ullum
1028 3691 1098 3765 eiua

72 3785 308 3852 fundamentum
330 3788 475 3866 jeciseet,
502 3794 638 3850 omnino
662 3787 833 3867 provocari
858 3798 928 3845 non
953 3794 1099 3857 possent.

70 3877 99 3938 Si
115 3885 182 3961 quia
198 3892 278 3944 vero
305 3900 344 3942 ex
368 3878 484 3963 haere
510 3878 706 3942 concludere
731 3875 847 3951 vellet,
877 3875 1012 3937 lentem·
1026 3894 1097 3937 etta

104 4073 116 4106 a
148 4007 334 4129 lVidd-aupra
353 4073 416 4128 pag,
435 4062 452 4119 4
469 4068 496 4143 et
510 4062 577 4119 75].ί
844 4118 851 4131 ¹
896 4118 903 4130 ι

102 4136 118 4176 a
151 4124 195 4180 cl.
211 4126 285 4179 ult.
300 4127 456 4180 Baarana
474 4119 919 4264 1.l.t.aanutm÷0t¹teeuoms
934 4136 965 4192 p.
977 4118 1098 4191 salaqq.
