2728 4960
240 405 436 460 corsuna
468 404 681 462 sar-rrum.
707 408 879 479 sauro.
1007 410 1079 487 ⁸43

67 570 123 630 tens
139 584 264 647 semper
282 561 416 650 sequela
437 565 494 627 est}
533 566 661 630 Cornea
682 574 718 630 tn
742 567 835 646 huius
857 563 962 633 morbi
986 578 1083 640 initio

68 674 123 722 nott
141 660 298 731 laeditur,
319 659 388 718 sod¹
400 655 517 718 humor
537 662 658 736 aqueus
678 658 832 721 turbatur.
870 664 932 725 Pus
954 665 995 731 ab
1019 673 1082 728 int-

66 759 103 814 tio
120 751 271 823 albidum,
290 747 516 810 flavescentem
536 751 656 812 deinde
673 748 816 810 colorem
830 753 980 819 exhibent
1001 759 1081 819 Cor·

63 859 116 903 nea
132 860 150 903 a
168 858 250 920 pure
271 841 331 902 sub
353 855 391 902 ea
418 840 654 901 ooliectotota
677 853 797 918 quanta
827 840 900 905 alba
925 853 1080 910 comitur·

64 934 128 1012 Quo
146 937 245 1013 magis
265 946 400 1013 augetur
424 935 645 1010 potirentur,
667 931 795 1004 ‚eodem
825 935 926 1015 gradu
952 940 1079 1018 pupilla

67 1037 243 1106 angustatur.
276 1025 420 1083 Luminis
440 1025 581 1082 seusatio
597 1020 762 1081 dolosifica
780 1025 991 1108 molestaque.
1023 1031 1080 1092 Vi·

64 1132 106 1175 sus
123 1117 217 1198 tnagis
237 1117 404 1195 magisque
423 1110 622 1173 obscuratur.
662 1112 789 1174 Cornea
810 1116 954 1196 denique
969 1122 1078 1182 ‘nebu-

65 1205 122 1266 losa
140 1221 170 1267 et
190 1205 376 1266 exulcerosa
400 1203 445 1265 fit.
485 1202 561 1280 Quo
588 1206 749 1279 copiosius
768 1206 846 1286 pus,
875 1227 942 1287 quo
960 1217 1078 1286 emtus,

67 1312 99 1359 so
116 1297 216 1375 major
233 1310 358 1368 metus,
381 1309 425 1356 na
447 1292 577 1354 arrodat
596 1293 789 1355 iridemans
813 1310 974 1362 comeam.
1013 1305 1078 1365 Pus

65 1393 230 1465 praesertim
257 1391 396 1466 supino
403 1386 529 1463 jacente
555 1400 653 1466 aegro
676 1386 792 1446 isidem
821 1394 942 1468 premit
958 1397 1081 1457 totius·

10 1524 12 1565 Ι
62 1496 118 1559 qua
134 1479 217 1543 oculi
238 1493 429 1540 structuram
452 1494 658 1556 corrumpere
678 1483 827 1539 minatur.

10 1586 12 1591 ’
125 1570 244 1630 Nullius
266 1575 423 1632 momenti
444 1566 627 1632 differentia
647 1562 824 1650 hypopium
844 1574 930 1632 inter
947 1528 1078 1637 atocnli

65 1666 203 1741 smpyssirs
225 1672 282 1722 est
314 1661 359 1721 In
380 1666 522 1742 empyrei
541 1680 661 1740 nempe
686 1677 748 1738 pus
766 1666 802 1719 iu
822 1662 965 1723 secunda
986 1666 1077 1734 oculi

10 1744 12 1801 t
65 1770 170 1812 ramera
188 1766 265 1832 post
288 1764 402 1811 uveam
424 1749 536 1812 haeret
562 1766 596 1812 et
617 1766 737 1814 cornea
760 1751 858 1830 plane
886 1754 988 1815 libera
1015 1773 1077 1821 asts

10 1896 11 1911 ,
64 1844 224 1928 Enpyesis,
249 1860 314 1921 qua
330 1840 417 1916 talis,
440 1841 654 1906 observatoris
667 1844 751 1924 fugit
764 1843 912 1915 oculum:
934 1852 968 1908 :si
981 1865 1076 1911 nem..

64 1950 98 2013 ps
116 1935 317 2007 discernitur,
337 1931 401 2010 jaan
422 1935 457 1991 in
478 1932 654 2016 hypoplum
674 1948 795 1994 mutata
811 1948 875 2008 sss,
897 1954 969 1998 cum
983 1948 1075 2018 purte

10 2028 11 2091 ἕ
59 2037 90 2083 st
105 2029 267 2107 perexigua
295 2028 457 2104 quantitas
476 2028 610 2085 minime
630 2029 666 2085 tu
687 2042 812 2085 ramera
830 2033 998 2104 posteriori
1025 2032 1075 2091 la·

10 2140 12 2195 y
58 2128 119 2175 tere
136 2117 216 2175 sed
206 2132 243 2175 m
261 2116 385 2195 aliquas
407 2116 545 2199 guttulas
565 2112 773 2177 collectum
762 2133 828 2192 Jam
846 2117 936 2191 iridis
954 2127 1074 2202 margi

10 2200 12 2297 ζ
60 2218 126 2265 nem
143 2211 323 2270 interiorem
341 2228 492 2289 superare
509 2222 643 2268 necesse
661 2208 710 2265 sit.

10 2308 11 2311 ’
125 2296 197 2358 Viae
214 2319 305 2361 versa
324 2319 384 2378 pus
406 2303 443 2360 in
458 2318 582 2358 camera
603 2300 763 2358 anteriore
778 2294 948 2360 collectum
968 2316 1072 2382 parto

10 2404 11 2407 ’
59 2394 193 2469 temporis
210 2389 381 2450 intervallo
399 2408 459 2473 per
477 2388 622 2468 pupillae
640 2390 799 2450 foramen
807 2392 843 2450 its
856 2398 1070 2511 posteriorem

10 2530 11 2533 ,
58 2496 198 2542 sanemur
219 2499 255 2541 se
277 2462 446 2541 effundere
466 2480 560 2542 solet.

10 2592 11 2599 ¹
58 2573 217 2634 Datur
247 2580 280 2632 ct
311 2571 486 2653 hypopissns
517 2569 719 2649 periodiorm
753 2575 847 2632 certis
872 2568 1071 2655 sunporibm

10 2666 11 2669 ’
61 2680 142 2747 aegro
154 2665 302 2734 rediens3
329 2664 583 2733 metastasicum,
601 2660 660 2720 ubi
679 2678 739 2737 pus
751 2657 794 2719 ab
816 2660 880 2720 alia
897 2679 987 2740 perte
1006 2664 1070 2724 iru-

59 2764 128 2818 nani
148 2757 290 2837 corporis
314 2754 456 2814 avulsum
481 2758 518 2812 in
537 2762 696 2812 cameram
726 2754 919 2811 anteriorem
945 2772 980 2812 se
997 2753 1070 2813 ‘ds-

59 2867 163 2924 ponere
188 2861 272 2908 amat
292 2846 331 2922 (ς.
351 2847 434 2923 62.);
458 2846 618 2924 spartium,
639 2841 703 2902 ubi
721 2847 807 2922 poris
834 2841 910 2915 loco
934 2844 1073 2909 matario

58 2952 163 3000 uastum
187 2939 371 3019 puriformis
390 2940 584 2997 anteriorem
606 2935 693 2995 oculi
714 2940 881 3017 regionem
903 2933 1022 3013 opplet.
1098 2966 1101 2973 v

117 3036 237 3094 Causae
255 3028 389 3109 hypopii
417 3031 589 3110 proximae¹
603 3040 679 3086 sunt
699 3026 861 3087 abscessus
886 3029 971 3085 inter
995 3046 1067 3089 cor·

57 3138 124 3181 neas
151 3120 304 3193 lamellas
326 3137 430 3191 ortus,
459 3123 613 3198 introque
636 3133 771 3197 ruptus:
811 3117 1002 3179 exulceratio
1030 3126 1066 3182 in
1092 3162 1095 3167 »

56 3229 178 3272 corneae
197 3211 366 3292 superficie
387 3231 528 3275 concava
546 3225 579 3272 et
598 3209 686 3271 iridis
707 3205 916 3270 inflammatio
935 3214 971 3272 in
990 3221 1067 3292 supa

54 3306 242 3377 perationem
261 3316 462 3384 transgressa·
513 3306 517 3311 '

111 3562 173 3624 Pus
194 3559 373 3644 benignum
388 3570 427 3621 -et
445 3565 623 3641 quantitate
648 3560 762 3639 exigua
791 3560 906 3636 partim
933 3549 1062 3638 sponte,

52 3657 148 3728 partim
181 3672 242 3734 per
270 3654 505 3714 medicamenta
539 3653 715 3713 discutitur.
769 3646 946 3711 Abundans
975 3652 1064 3727 puris

52 3746 130 3822 copta
148 3744 286 3826 periculi
309 3745 382 3824 plus
403 3764 511 3804 secum
530 3744 601 3803 fert.
649 3741 729 3813 Pus,
756 3746 781 3800 ai
808 3756 878 3800 non
903 3743 1065 3799 sincerans

50 3846 97 3905 cst,
115 3836 266 3899 facillime
285 3841 404 3898 vicinas
425 3836 545 3897 arrodit
558 3845 663 3914 partas
688 3845 720 3891 at
746 3845 846 3913 totam
874 3832 961 3892 oculi
980 3845 1063 3893 stsss·

49 3937 152 3986 rsuram
172 3947 378 4005 corrumpere
397 3942 515 4006 potest.
607 3940 610 3945 ’

107 4017 296 4100 Fragmenta
315 4019 410 4079 lentie
431 4017 490 4078 sub
513 4028 689 4089 cataractae
705 4012 969 4075 membranaceae
981 4031 1066 4094 ope-³

46 4108 157 4185 satione
177 4115 213 4171 'ass
232 4111 403 4193 particulas
426 4110 595 4190 discerpta,
620 4126 770 4171 corneam
789 4109 874 4192 instar
894 4105 1062 4171 osiridem
