2722 4956
273 391 297 457 4
492 389 848 451 Scuoruuusuusr
870 402 1054 448 unrocus
1152 426 1163 461 ÷

273 573 437 626 tecuerunt.
489 561 531 620 dt
560 560 639 618 enim
665 577 736 617 vero
769 577 831 618 non
861 566 897 618 eie
923 578 990 618 mee
1017 568 1064 617 est
1090 557 1257 633 humilitus,
1286 569 1317 617 ut

273 667 396 724 istorum
417 660 566 720 silentium
587 675 640 734 pro
659 655 770 734 judicio
791 654 925 732 hebeem,
947 675 1041 734 neque
1057 658 1189 716 vicissim
1205 676 1243 715 ee
1257 676 1318 716 mee

275 761 425 839 superbie,
453 756 582 817 utillud
603 755 769 813 necessario
793 764 846 813 eut
867 775 883 813 e
906 764 1025 832 stupore
1043 765 1095 813 eut
1117 757 1246 819 elisere
1267 774 1317 814 ns·

273 871 338 920 tum
359 877 424 941 esse
444 859 545 934 utique
567 853 757 913 contendam:
788 853 860 910 licet
879 872 941 912 non
962 855 1106 934 ignorem,
1129 872 1197 912 esse
1216 853 1318 913 edver-

276 978 326 1018 sus
347 957 453 1016 merite
481 954 631 1011 silentium
657 952 871 1026 vtmperetione
899 971 987 1028 saepe
1015 951 1181 1027 efficacius,
1210 971 1319 1030 semper

274 1060 390 1129 tutius,
438 1054 563 1127 ideoque
598 1048 792 1109 mediocribus
823 1035 957 1108 omuibus
1000 1051 1321 1113 commendetissimnm‚

275 1155 336 1214 luno
364 1171 435 1212 vero
458 1151 494 1209 de
517 1147 564 1206 his
586 1167 689 1224 perum
712 1147 867 1220 leborens,
889 1166 925 1205 ee
947 1156 1062 1206 tuntum
1082 1169 1243 1227 procursre
1264 1158 1320 1209 sst-

276 1271 351 1333 ego,
374 1269 448 1328 quse
470 1266 509 1305 ex
528 1247 587 1304 isto
607 1246 757 1304 silentio
745 1264 807 1321 Jem
826 1243 898 1303 mihi
919 1246 1085 1305 incumbere
1104 1249 1320 1328 intelligo,r1'·

203 1376 210 1385 ·
277 1351 384 1409 delicet
407 1347 593 1435 prospicere,
612 1361 650 1402 ne
668 1345 808 1417 invente,
831 1361 905 1420 quse
927 1362 1000 1402 vere
1018 1345 1177 1441 esdcmpue
1200 1348 1320 1424 elicujss

233 1460 236 1467 ’
275 1451 308 1506 in
330 1447 484 1523 discipline
502 1443 641 1502 momenti
658 1460 722 1499 esee
744 1442 997 1517 persuasissimum
1017 1432 1135 1519 habeo,
1157 1447 1250 1521 plene
1273 1463 1321 1502 ne-

278 1547 376 1627 glecte
403 1553 434 1601 et
456 1549 607 1601 vetustate
635 1540 754 1599 tendcm
783 1539 943 1599 obliterate
970 1552 1111 1621 percont,
1142 1543 1180 1601 de
1206 1545 1320 1622 integro

277 1641 455 1702 inveniende
475 1639 610 1717 posteris.
654 1637 711 1698 His
740 1638 832 1716 igitur
858 1638 1010 1714 intentus,
1043 1640 1167 1701 eundern
1193 1643 1320 1700 cotom

278 1744 423 1802 retionem
448 1738 562 1798 Letinis
589 1741 652 1814 jem
685 1753 749 1792 sum
775 1736 869 1794 literis
904 1739 1105 1815 expositurus,
1138 1758 1176 1797 eo
1205 1740 1320 1815 potissi·

276 1860 356 1899 mum
376 1838 518 1910 consilio,
545 1843 579 1893 ut
606 1836 696 1893 lectio
726 1837 789 1910 ejus
820 1837 932 1894 exteris
960 1852 1074 1914 quoque
1098 1845 1220 1911 petest,
1249 1840 1322 1897 inter

278 1957 351 2017 quos
373 1937 450 1995 forte
469 1936 589 1993 fortune
604 1934 778 1991 attentiores
801 1935 989 2011 sequior-esve
1011 1935 1040 1992 ei
1061 1936 1240 2015 contingere
1261 1954 1322 2013 pes-

278 2039 340 2098 siut
357 2035 488 2114 iudicem
516 2031 622 2090 deinde
642 2020 732 2091 etiem
759 2041 809 2106 ut,
837 2031 907 2091 lruio
933 2033 1107 2109 scriptorum
1133 2037 1258 2111 corpori
1281 2037 1323 2092 is·

280 2145 379 2209 serte,
408 2131 543 2193 interitui
561 2131 657 2189 minus
678 2130 807 2193 obnoxie
828 2133 875 2194 sit.

364 2230 480 2306 „“sed,
499 2233 561 2305 jem
574 2229 661 2286 enim
684 2228 856 2289 Scusoee
874 2229 971 2289 verbis
987 2231 1033 2315 uu
1053 2231 1136 2305 licet,
1158 2232 1258 2308 „quid
1274 2162 1324 2291 eti

155 2414 157 2417 Ι
280 2332 401 2409 quinque
431 2346 508 2385 nunc
536 2336 654 2403 speret,
687 2344 753 2387 cum
779 2326 881 2387 videet
907 2329 1033 2404 pessime
1061 2330 1191 2403 optimos
1221 2327 1323 2408 petil“
1355 2368 1356 2393 ι

283 2462 320 2474 -
359 2425 530 2506 Pergeudeo
559 2423 748 2501 equidem,
739 2443 797 2483 suno
826 2425 961 2504 glorior,
991 2447 1038 2486 me
1072 2427 1217 2502 primum,
1252 2428 1324 2507 (μοι

280 2528 382 2599 sciens,
399 2525 502 2597 fuisse,
523 2523 583 2599 ossi,
604 2541 657 2581 suo
676 2521 792 2598 judicio,
804 2522 889 2598 litus,
909 2526 1015 2585 sununi
1035 2523 1198 2583 Goetlrii
1221 2527 1261 2585 de
1280 2546 1325 2586 oo·

279 2629 376 2685 lorum
413 2620 597 2699 physicorum
630 2619 928 2683 demonstretiouiltus
958 2624 1055 2700 pslem
1084 2622 1326 2701 adstipulantur,

280 2741 318 2783 eo
345 2722 471 2781 maxim
499 2728 646 2793 tempore,
680 2718 732 2776 ulti
763 2721 832 2779 illue
866 2738 1012 2781 consensu
1045 2719 1242 2798 physicorum
1271 2724 1325 2784 tm

279 2820 427 2881 communi
448 2817 620 2895 reprobasse
639 2815 763 2891 meme,
782 2836 862 2878 enno
886 2821 1023 2881 nimum
1045 2818 1137 2882 1816.
1182 2820 1326 2883 Nom

281 2918 386 2977 deinde
415 2917 543 2995 vestigia
570 2924 754 2990 presseruut3
781 2935 839 2977 nec
864 2918 972 2983 desunt
998 2916 1085 2976 leodic
1112 2920 1146 2975 ln
1170 2919 1325 2982 Gema

282 3018 461 3093 complures,
497 3013 602 3090 qubus
633 3011 669 3070 de
696 3015 881 3075 inventorum
908 3019 972 3092 ejus
1003 3017 1126 3075 vertute
1154 3036 1325 3094 penu

282 3115 335 3173 sit:
367 3115 490 3171 multum
511 3120 610 3169 temen
631 3109 726 3170 edluc
745 3112 844 3187 obest,
865 3122 900 3173 ut
921 3113 1081 3173 communis
1103 3119 1238 3178 omnium
1262 3138 1325 3179 ees·

283 3196 387 3271 seusus
417 3211 546 3288 pelmern*
568 3209 597 3267 ei
628 3208 783 3285 detulerit3
813 3219 919 3288 etque,
947 3212 1085 3273 vicesimo
1112 3215 1259 3275 volente
1278 3234 1326 3274 ιι-

201 3340 209 3353 =
281 3329 333 3384 no,
353 3307 447 3368 edlruc
468 3307 634 3384 subjudice
655 3308 693 3365 lis
716 3317 770 3372 est.
791 3307 913 3371 interim
933 3311 1016 3390 viget
1034 3311 1196 3372 crunnum
1213 3314 1327 3395 ulique,
1354 3294 1355 3337 ³

280 3417 331 3482 et,
352 3417 498 3484 temquem
520 3407 547 3465 ei
567 3403 643 3462 nihil
662 3406 818 3482 occiderit,
844 3409 1019 3471 demutor
1039 3408 1179 3469 inlibris
1199 3412 1327 3492 poyeio·

284 3506 346 3567 lere
371 3505 505 3566 omuibus
536 3501 715 3584 Newtoni
748 3505 898 3565 doctrine:
935 3508 1093 3567 etiamnum
1131 3510 1327 3572 metitum

282 3605 397 3678 tenen,
424 3612 459 3662 ut
478 3611 600 3675 ιιιιςιιιο
627 3601 744 3660 tiamne
771 3601 950 3667 credereie
982 3607 1116 3677 ,demine
1143 3606 1328 3691 homgues

284 3711 410 3779 septem,
439 3718 530 3759 uuum
550 3701 760 3761 constituentis
785 3702 1023 3776 iuuenilem,
1052 3723 1107 3763 nec
1133 3723 1199 3766 non
1227 3709 1263 3768 ln
1288 3709 1327 3767 ὃ·

284 3816 401 3857 versem
424 3816 524 3857 eorum
540 3798 1090 3880 reirongiltilitetem,‚ceegeniteeque
1110 3803 1148 3863 iis
1171 3808 1329 3882 qualitetss

286 3892 494 3955 ιιιὶιιίίὶοιιῐιι
518 3929 558 3967 -,
599 3896 700 3970 lieec,
725 3899 802 3971 licet,
818 3898 983 3974 deplorcet,
1009 3899 1086 3961 nihil
1113 3904 1217 3969 miror.
1264 3904 1354 3967 Nn,

287 3994 364 4051 enim
383 3993 519 4070 memini,
546 4014 593 4054 me
614 3996 647 4053 in
670 3995 794 4054 historie
813 3997 948 4055 litererie
972 3998 1088 4078 legere,
1117 4018 1189 4060 vere
1210 4003 1332 4064 iuvate
1353 3984 1354 4023 ³

285 4088 367 4147 lucili
398 4093 519 4171 negotio
550 4101 683 4152 uetustos
714 4112 827 4153 errores
862 4096 1027 4173 expulisse,
1063 4107 1115 4155 eut
1140 4100 1329 4162 scientium

286 4186 463 4263 ecedemies,
497 4209 562 4249 cum
590 4174 722 4266 errores,
748 4209 871 4268 quorum
898 4192 1035 4252 custodes
1061 4215 1116 4274 per
1142 4201 1249 4259 mle
1267 4200 1328 4259 isc·
