2746 4964
309 395 421 441 orrea
450 395 572 443 suen
597 394 839 444 arescatis:
1037 383 1079 445 85

43 542 129 618 pteris
149 538 284 618 regiones
304 535 474 610 transferri,
502 555 536 594 aa
557 537 611 595 iilo
629 536 745 613 quidem
765 536 895 612 directo,
916 535 988 596 h'aeo
1009 554 1078 596 oru-

44 639 116 697 eiato
133 632 255 697 introite.¹
269 664 316 679 --
336 633 422 711 Hpne
440 635 616 693 sententiam
632 643 752 695 eatenus
769 635 885 710 quidem
898 646 1016 696 secutus
1032 647 1079 695 est

43 734 293 808 Wede11),‘nt
319 735 430 809 pariter
450 732 621 791 distantiam
642 732 680 790 ad
700 734 819 806 plenum
839 732 1003 809 horopteris
1025 733 1076 791 de·

42 822 395 904 teminsri'eoneederen
417 829 453 887 de
475 830 637 888 directione
652 844 753 888 antem
771 831 950 904 dissentiret,
967 833 1078 908 ⁴quippe

12 968 15 987 ,
42 950 125 1007 qnam
145 948 205 987 non
225 930 274 988 sia
293 928 460 1008 regressiva
479 946 533 1002 per
554 926 661 1003 objecti
687 930 801 1002 losum,
830 927 882 986 sed
903 949 920 986 e
940 929 1076 987 doetrino

40 1028 167 1087 Fabri
193 1027 225 1084 in
250 1026 367 1085 radium
392 1027 533 1084 visorium
559 1025 665 1085 referri
698 1026 818 1099 statuit,
851 1027 896 1084 its
929 1038 964 1085 ut
990 1045 1077 1085 omne
1151 1084 1155 1091 ,

40 1136 177 1204 punctum
198 1143 233 1182 eo
250 1126 320 1198 loci,
341 1122 392 1182 ubi
407 1122 507 1181 radius
523 1123 650 1181 visorius
665 1123 784 1197 planum
799 1121 964 1201 horopteris
977 1134 1074 1185 trans·
1121 1127 1124 1146 ¹

41 1237 104 1298 eat,
123 1224 339 1299 eonspioiatur‚
361 1240 396 1280 ao
408 1223 489 1280 risos
507 1221 629 1296 duplieis
644 1217 846 1297 phaenomena
866 1220 903 1281 ab
920 1222 1073 1302 Aguilo-

39 1325 101 1382 nio
122 1322 253 1398 exposita
270 1321 342 1401 inde
361 1329 529 1381 nascantur.
818 1327 822 1333 ’

118 1419 322 1498 Agailonii
343 1417 456 1476 theoria
473 1417 504 1475 id
521 1415 577 1475 sibi
591 1417 707 1494 privum
723 1416 863 1490 vindieat,
883 1418 962 1494 qued
978 1419 1075 1477 omnia

40 1519 179 1595 diplopiae
198 1535 307 1596 genero
322 1496 543 1591 eompleetitur‚“
557 1517 651 1590 iisque
666 1515 843 1593 explioandis
855 1515 999 1588 sufficiat3
1021 1534 1073 1573 se·

39 1637 102 1677 roan
122 1615 186 1673 basi
206 1615 311 1672 nititur
330 1616 426 1673 minus
447 1613 557 1684 stabili,
579 1632 645 1673 euna
664 1616 760 1693 legem
780 1615 866 1675 istam
883 1614 1072 1691 principalem

39 1734 95 1773 non
115 1711 152 1771 ab
174 1713 373 1788 experientia,
393 1712 450 1770 sed·
467 1711 504 1769 ab
524 1729 578 1794 eo„
600 1712 679 1787 quod
698 1713 778 1771 risus
799 1711 923 1787 duplicis
943 1709 1070 1786 phaeno-

39 1810 211 1871 mensione
234 1810 428 1882 conveniant,
458 1807 644 1887 philosophus
666 1812 792 1887 petierit.
835 1809 896 1869 imo
916 1810 1002 1867 facile
1022 1827 1071 1866 ree,

39 1912 153 1983 fallitur,
174 1907 318 1984 siqnidem
337 1909 422 1979 loeis,
442 1927 516 1984 quae
536 1910 716 1986 geminarei
733 1908 844 1985 speeies
864 1906 988 1979 obtinet,
1009 1925 1071 1967 me-

38 2011 81 2088 gis
107 2006 259 2077 attendas3
291 2024 352 2063 non
380 2004 458 2065 enim
484 2009 516 2065 in
542 1989 629 2081 pl'sno
655 1996 839 2081 horopteris'‚
867 2005 920 2063 sed
946 2023 983 2060 ex
1007 2006 1070 2081 ipso

39 2106 144 2184 objeoti
164 2104 303 2162 distantia
325 2106 481 2179 conspicue
501 2104 681 2175 redduntur,
709 2102 787 2181 qnod
806 2103 995 2180 praesertim,
1025 2104 1070 2161 lu-

35 2207 114 2262 mine
135 2221 153 2260 a
173 2203 284 2282 digito,
310 2203 343 2259 in
362 2220 449 2278 qoem
469 2221 540 2260 axes
561 2210 756 2275 oonourrnnt,
782 2203 898 2281 ,longius
927 2204 1069 2275 seientes,

33 2304 145 2381 pariter
163 2310 250 2380 atque
278 2302 476 2376 experimento
503 2299 532 2372 ξ.
555 2299 607 2367 10.
635 2301 769 2375 exposito
794 2317 882 2376 quara
907 2296 1070 2358 distinctis·

36 2404 106 2460 sime
127 2399 283 2458 observare
303 2400 374 2456 lieet
387 2393 430 2478 ²).
473 2399 558 2471 Quod
584 2398 697 2463 redium
721 2407 818 2457 autern
837 2398 977 2458 visorium
999 2400 1071 2464 atti·x

35 2510 100 2574 net,
129 2516 215 2576 quem
236 2494 365 2555 Wedel
392 2496 497 2576 urget,
529 2496 567 2554 ed
595 2515 631 2554 ea
649 2497 802 2575 delegasse
822 2495 966 2567 sufficiat,
996 2511 1070 2572 qnae

36 2596 100 2656 hoio
111 2593 266 2674 hypothesi
276 2593 449 2652 refutandae
465 2605 537 2655 seat.
549 2593 585 2655 11.
607 2586 672 2670 esp.
683 2590 714 2654 4.
736 2593 765 2666 ξ.
778 2589 830 2654 49.
852 2595 966 2669 prolata
983 2603 1068 2665 sunt3

36 2695 120 2771 idque
140 2704 254 2752 tantum
273 2690 476 2768 subjiciemus,
509 2692 587 2768 qnod
615 2711 652 2749 ex
672 2693 723 2748 ills
742 2693 959 2751 construetione
978 2708 1069 2768 qnae·

34 2792 103 2850 libet
120 2801 232 2875 puncta
252 2789 415 2871 horopteris
442 2792 576 2871 lateralia
603 2792 634 2871 in
661 2789 731 2851 bina
757 2791 822 2867 loca
843 2788 995 2875 trsnsierri
1016 2807 1068 2849 ne·
1116 2868 1120 2873 ἱ

34 2909 113 2949 eesse
141 2892 199 2963 sit,
217 2891 366 2965 'quoniam
392 2889 602 2965 respondentes
628 2888 705 2946 radii
725 2889 825 2946 visorii
846 2887 883 2946 sd
905 2890 994 2944 unum
1015 2884 1067 2943 ho-

33 2989 155 3065 roptsris
176 2996 318 3063 punctum
338 2998 513 3045 eoneurrere
533 2996 680 3063 nequeant
686 3003 695 3055 3
728 3004 785 3061 qua
807 2985 923 3063 quidem
944 2984 1067 3043 diffieu'l·
1106 2966 1109 2973 ⁴

34 3096 92 3146 tate
116 3083 249 3161 Wepdel
284 3087 327 3142 ite
357 3104 388 3141 se
418 3086 555 3160 expedire
587 3095 708 3143 conotus
738 3095 801 3158 est,
839 3097 872 3143 ut
900 3088 1067 3160 conjectura

33 3202 151 3259 prorsus
180 3182 353 3254 arbitraris,
384 3181 439 3240 hoo
461 3185 648 3249 intervallum
669 3201 785 3243 sensum
806 3184 926 3264 fugere,
958 3183 1069 3243 diceret

34 3274 465 3359 (montom

494 3435 524 3509 θ.
552 3434 603 3498 66.

111 3519 488 3635 Βῐίςςεῦ),’4ὶοίᾱ*),
515 3545 708 3622 Halier⁵),
735 3545 895 3628 Bayie⁶)
913 3534 1077 3623 ,utriusqus

30 3649 106 3708 seon
131 3648 248 3705 retinas
272 3647 413 3721 peeulieri
440 3644 496 3702 hoe
522 3662 601 3703 nexu
618 3650 747 3721 ‘junotas
775 3649 995 3717 existimarunt,
1036 3660 1068 3702 nt

65 3830 94 3896 1)
111 3829 156 3882 De
174 3827 291 3892 visione,
310 3842 381 3896 quse
396 3824 469 3880 sodo
487 3825 519 3878 fit
535 3826 652 3894 gemino,
671 3844 702 3948 g
719 3806 881 3881 2164223.

62 3901 94 3966 2)
111 3897 223 3952 Wells
240 3896 258 3949 l.
276 3916 298 3947 e.
322 3902 390 3965 part.
408 3895 428 3946 Ι.
451 3913 477 3965 p.
498 3898 538 3947 11.
558 3898 599 3952 12.
626 3914 652 3966 p.
689 3936 703 3948 .

62 3968 95 4036 8)
113 3971 150 4021 In'
165 3969 234 4020 sotis
251 3965 426 4030 eruditorum,
444 3983 468 4018 a.
487 3966 564 4022 1788.
590 3985 615 4037 p.
633 3965 692 4019 454.
707 3985 745 4036 sq.

63 4037 95 4108 4)
114 4040 225 4108 Inquiry
241 4037 298 4091 into
314 4038 360 4090 the
377 4037 471 4089 human
488 4037 573 4102 mhsd,
597 4055 655 4108 cap.
672 4038 719 4090 VI.
736 4046 802 4093 sect,
819 4036 859 4092 13.

64 4109 96 4178 5)
114 4110 248 4162 Elemeot.
265 4107 375 4179 physiol.
398 4106 429 4160 L.
445 4106 519 4161 XVI.
544 4112 569 4174 9.
587 4107 695 4164 8-10.

65 4178 99 4248 6)
116 4181 245 4251 Physica.
273 4178 321 4232 Tr.
338 4176 375 4232 11.
399 4176 447 4233 tib.
460 4178 496 4234 11.
520 4194 547 4249 p.
563 4175 624 4233 479.
