2728 4960
277 383 347 433 aaa
470 357 595 426 Hosr
632 375 694 424 nn
729 374 983 435 rnrcurasr
1016 379 1123 439 nro<

513 568 518 575 ·
628 530 892 603 observatio.
922 535 953 596 1.

347 658 511 745 Gargaecb
524 657 647 721 iirrula
663 657 774 738 puella
796 650 835 719 ιο
847 677 951 721 annor
963 675 1052 735 nata,
1075 670 1313 746 corporia'eon·

267 759 437 821 atitutione
455 751 598 825 robuste,-
621 770 641 810 a
661 755 766 828 prima
778 760 892 812 aetate
910 758 1007 817 vitam
1027 755 1118 816 duxit
1136 775 1249 818 ranam
1268 761 1311 821 ad

265 869 390 912 annum
413 846 574 907 decimum
593 843 766 920 teptimum
785 860 908 922 usqne,
933 865 1005 925 quo
1035 846 1238 927 ophthalmia
1258 871 1312 914 aaa

264 928 412 1001 territura
429 941 465 997 in
485 951 625 1017 utroque
645 934 744 996 oculo
766 938 955 1014 corripitur:
982 933 1047 998 hoc
1063 939 1204 1015 malum,
1233 962 1309 1005 cura

262 1038 381 1114 partim
399 1029 568 1112 neglecta,
596 1030 713 1108 partim
731 1023 817 1085 male
837 1022 999 1102 adbibita,
1028 1032 1190 1093 curriculo
1211 1038 1308 1095 trimn

262 1143 422 1186 annornm
445 1119 529 1182 adeo
540 1121 695 1190 increvit,
715 1131 752 1178 ut
764 1123 869 1200 ‘aegra‘
886 1121 937 1179 vix
955 1136 1027 1181 non
1044 1121 1170 1185 lumine
1190 1122 1307 1187 orbata

258 1216 388 1299 absque
415 1214 500 1276 duce
523 1213 589 1273 viat
615 1211 771 1272 incedere
789 1231 860 1273 non
879 1211 1014 1292 amptius
1033 1213 1174 1288 valeret,
1202 1229 1308 1294 quara

260 1306 379 1370 morbo
406 1326 425 1366 a
449 1300 584 1365 medic'it
610 1302 653 1362 ad
677 1323 850 1364 numerum
878 1300 1108 1365 insanabilium
1135 1305 1245 1368 relato
1270 1311 1306 1368 in

258 1389 562 1480 ptochodocbeuru‚
583 1391 675 1473 quod
690 1409 737 1453 ert
750 1392 902 1456 Viennae
915 1400 952 1458 in
962 1394 1124 1459 ·aubnrbio
1136 1396 1305 1460 Alrervor·

257 1491 345 1581 stadt
363 1488 468 1563 dicto,
494 1485 684 1559 adducitur,
714 1483 772 1547 ubi
789 1485 850 1547 rub
869 1488 992 1566 majore
1012 1488 1120 1549 adhuc
1137 1494 1303 1569 potentie-

254 1574 328 1645 r'um
346 1573 504 1653 influxu,
501 1576 586 1639 vitus
604 1581 640 1637 in
658 1576 782 1639 leviore
801 1576 905 1683 gradu
925 1580 1106 1661 quidquam
1125 1586 1303 1661 persistent

251 1673 356 1763 megia
374 1676 541 1753 magisque
560 1668 721 1730 aboletur.
1110 1702 1114 1709 ·

329 1778 484 1843 Secundo
503 1774 585 1850 Maii
610 1778 689 1836 anni
716 1768 816 1848 ι3ι6
812 1796 910 1859 aegra
935 1794 955 1837 a
987 1774 1050 1838 cib.
1077 1771 1234 1842 BeerIo
1265 1786 1299 1844 in

252 1874 406 1936 clinicum
441 1865 757 1949 ophthalmiatncum
783 1872 969 1951 suscipitur,
1006 1882 1040 1928 et
1067 1873 1214 1931 examine
1236 1890 1296 1954 pu·

137 1956 142 1975 '
251 1950 341 2028 blice'
357 1965 505 2026 instituto
523 1963 696 2042 aequantia
718 1956 1021 2051 deprehenduntur
1297 1982 1302 1991 ¹

305 2073 417 2135 Cutia
444 2083 583 2137 externa
602 2069 645 2133 ad
671 2072 835 2151 margines
853 2071 1024 2148 utriusque
1043 2064 1226 2151 palpebrae
1246 2089 1294 2135 m.

245 2128 332 2238 ruet,
357 2161 525 2243 profunde
549 2160 665 2236 rubet,
689 2181 802 2242 margo
827 2157 1057 2242 palpebrarum
1083 2159 1188 2222 bulbo
1206 2165 1294 2226 oculi

245 2254 398 2324 adventa,
437 2251 511 2312 cilia
543 2273 641 2314 muco
668 2257 705 2314 in
734 2251 905 2312 fasciculos
935 2246 1159 2332 conglutinata
1182 2251 1289 2316 bulbo

243 2343 335 2429 oculi
352 2340 522 2419 adjacentr
551 2338 612 2400 tub
638 2342 761 2418 majore
788 2345 939 2404 tensione
958 2350 1291 2423 tegumentorum,ia

237 2434 407 2520 palpebris
427 2431 663 2523 superioribus,
683 2433 756 2495 cilia
775 2453 794 2493 a
813 2431 916 2495 bulbo
937 2434 1025 2495 oculi
1044 2438 1180 2495 maxima
1192 2442 1288 2515 pa'rte

244 2547 358 2591 amove
359 2540 453 2611 ntur,
487 2541 520 2586 et
549 2530 586 2588 in
617 2522 814 2621 marginibus
847 2524 1078 2605 palpebrarum
1107 2542 1287 2588 extrorsum

239 2620 331 2689 flexit
351 2606 535 2702 currugatio
553 2610 675 2679 limbi
665 2621 786 2680 interni
806 2615 1012 2687 observatum
1031 2620 1068 2678 in
1087 2616 1185 2680 oc'ulo
1207 2618 1286 2679 dex·

238 2728 303 2795 tro
310 2712 496 2776 obscuratio
527 2730 667 2773 corneae
687 2732 761 2799 cum
774 2709 1036 2818 degeneratione
1055 2710 1284 2785 conjunctivae

236 2807 450 2887 pannrformi,
459 2802 562 2866 bulbo
573 2788 668 2869 oculi
681 2792 894 2911 caeteroquin
902 2796 1052 2859 normali
1070 2798 1162 2861 Idem
1171 2801 1280 2864 morbi

238 2911 338 2958 utatur
365 2899 402 2955 in
421 2894 520 2956 oculo
542 2899 689 2967 sinistro,
706 2897 770 2954 niri
790 2889 854 2952 hoc
874 2889 1075 2966 discrimine,
1096 2891 1188 2974 quod
1208 2915 1282 2978 gra·

238 2988 299 3057 dut
319 2985 417 3047 meli
441 2989 483 3051 rit
514 2985 611 3051 altior
646 3005 720 3046 cunr
752 2981 886 3063 maculis
921 3001 1061 3049 corneae
1099 2981 1282 3065 leucorpati

234 3096 339 3161 prope
358 3058 601 3136 eccedemibua.
638 3058 836 3141 Praeterea
827 3094 864 3135 ιιι
882 3088 1020 3157 utroque
1040 3075 1138 3144 oculo
1158 3075 1279 3157 photo-

234 3166 378 3275 phobia,
395 3163 572 3245 epiphora,
597 3170 682 3237 vitus
700 3166 815 3227 adeo
806 3169 1014 3249 imminutus,
1041 3182 1079 3228 ut
1097 3190 1195 3252 aegra
1216 3170 1277 3232 ob

232 3261 318 3340 jacta
335 3257 545 3347 solummodo
561 3256 686 3336 majora
712 3278 820 3343 eaque
840 3251 985 3343 obscure
1010 3262 1180 3342 percipere
1198 3282 1276 3345 por·

232 3368 292 3426 ὅθί,

283 3484 288 3503 .
306 3442 444 3508 Morbus
461 3446 647 3526 iuteriptna
653 3458 718 3515 eet:
744 3447 940 3528 Eutropium
950 3448 1011 3531 ipa
1012 3442 1201 3527 lpebrarrtm
1219 3467 1273 3508 ru·

227 3539 395 3618 pariorum
412 3558 438 3598 a
457 3539 786 3618 eomqationetarri
804 3559 878 3601 cum
897 3539 1133 3600 obseruatione
1143 3557 1269 3617 panne-

221 3632 364 3724 fonte
350 3653 387 3693 ru
404 3627 500 3693 οοοΙο
520 3627 651 3707 deute,
669 3653 732 3699 uec
750 3653 819 3697 neu
836 3634 874 3693 iu
890 3624 1020 3693 tiubtro
1028 3672 1040 3702 ,
1063 3627 1266 3712 complicata

229 3743 302 3789 cum
308 3708 455 3787 maculis
465 3738 617 3787 eamear.

248 3829 403 3892 Hand
428 3828 579 3914 ambigua
606 3829 724 3893 exinde
747 3829 915 3895 oriebatur
932 3834 1106 3897 indicatio:
1144 3850 1264 3919 nempe

228 3937 285 3985 ant
301 3922 488 3986 morbosam
511 3918 741 4004 palpebrarum
761 3929 950 4009 marginum
978 3926 1193 3990 merueram
1217 3931 1263 3988 ita

226 4013 427 4094 corrigendi,
433 4013 610 4079 anciliae
629 4013 733 4081 bulbo
758 4015 848 4083 oculi
860 4015 1006 4099 abducta
1014 4021 1128 4091 titum
1140 4033 1260 4080 extror-

223 4123 295 4168 tum
317 4119 504 4188 vergentem
514 4109 690 4175 retineatur
710 4123 767 4175 aut
784 4108 941 4193 ciliaipee
955 4102 1156 4186 destruendi,
1177 4109 1259 4174 etil·
1349 4170 1350 4173 ,
