2666 4946
200 364 239 399 ·’
331 396 385 439 os
416 393 771 444 nessiorum.
810 412 814 421 ·
1018 380 1083 446 189
1183 454 1194 467 ‚

29 556 86 613 vim
110 553 245 632 aliquam
266 534 423 627 exerent,
450 552 550 610 omnia
568 552 611 610 ita
633 560 803 627 comparato
823 554 909 628 sint,
931 562 966 613 ut
985 552 1084 613 barne-

29 652 149 730 ralopia
179 652 325 711 eudemio*
340 652 465 725 crisim,
492 669 568 729 quac
595 668 648 709 cos
671 651 799 710 maxima
827 653 973 728 corripere
999 656 1108 728 solat,v

28 752 79 829 gui
101 752 154 809 uti
173 749 305 827 hospitas
327 750 427 827 aliquo
448 751 514 807 loco
535 758 690 806 versantes
712 750 774 807 illis
802 750 947 826 potentiis'
973 769 1084 810 uocau-

28 850 110 909 tibus
133 869 197 910 nou
219 850 378 909 assuefacti
398 858 483 921 suut,
512 846 776 925 quemadmodum,¹
796 857 833 905 ut
853 850 986 925 exemplo
1006 858 1085 923 utu,
1152 906 1157 919 ,

28 950 313 1026 septentrionalium
347 949 501 1027 regionum
533 946 648 1004 incolae
676 945 708 1002 iu
735 946 824 1003 terris
851 946 1083 1021 mediterraneis,

27 1066 108 1124 quas
136 1057 266 1119 vocant,
293 1047 343 1103 vel
369 1046 490 1122 tropicis
518 1053 741 1106 commorantes.
797 1043 896 1102 Testis
924 1054 974 1101 ost
998 1042 1085 1120 hujus
1130 1120 1135 1124 η

27 1147 76 1203 rei
99 1144 304 1225 Sauvages
327 1138 377 1224 ¹),
404 1145 454 1219 qui
479 1144 511 1199 iu
532 1143 606 1200 vicis
628 1160 719 1222 poppe
740 1139 871 1199 Mentem
892 1141 1085 1201 Pessulanum

27 1244 101 1301 sitis
124 1255 216 1323 atquc
234 1244 267 1301 in
283 1241 453 1320 regionibus
471 1239 624 1299 fluviorum
636 1240 791 1297 vicinitate
806 1240 957 1300 nebulosis
972 1239 1086 1302 mucce

28 1341 192 1416 morbum,
220 1340 404 1416 omllyopisc
425 1340 638 1416 crepuscularis
658 1339 778 1425 nunide
805 1338 997 1418 inriguitum,
1024 1343 1086 1417 opi.

31 1441 167 1499 demium
188 1439 399 1517 quodammodo
420 1439 528 1512 ilrissc,
554 1447 588 1496 et
606 1436 727 1494 milites·
738 1436 925 1510 potissimum
942 1430 1086 1496 subdivo

32 1538 234 1597 dormitantes
257 1546 405 1610 tentasse,
426 1545 537 1599 narrat.
580 1534 693 1594 &dem
712 1533 807 1590 morbi
825 1536 919 1608 ratio,
942 1540 1086 1612 quatenus

34 1637 183 1718 audemia¹
201 1642 262 1713 est,
290 1633 404 1693 obtinet
430 1636 462 1692 in
485 1632 569 1692 ludia
589 1642 650 1690 tam
673 1632 812 1689 orientali
839 1648 925 1710 quam
950 1635 1086 1693 occioca·
1121 1622 1125 1631 ¹

36 1736 110 1810 tali,
133 1737 166 1793 is
186 1732 332 1805 Brasilia,
354 1734 387 1791 iu
409 1734 514 1793 insulio
536 1729 698 1802 Moluoeis,
718 1730 752 1786 in
773 1728 883 1804 Chiro,
908 1733 1034 1792 maximo
1054 1734 1087 1791 isi

37 1834 78 1891 iis
100 1832 231 1910 ejusdem
249 1830 400 1908 partibus,
428 1834 461 1889 iu
490 1828 595 1908 qm'bus
622 1845 732 1907 magua
752 1845 859 1904 oryzae
879 1831 927 1887 ris
946 1851 986 1890 ex
1006 1835 1088 1913 agris

38 1924 211 2010 colligitur,
239 1931 273 1989 in
301 1929 449 2005 paludosis
476 1929 570 2007 igitur
601 1925 762 1997 tractibus,
788 1929 819 1984 iu
848 1927 973 1987 diversis
1001 1951 1088 2008 porro

40 2027 281 2110 Francogalllae,
301 2025 455 2098 Polonioe,
477 2024 604 2084 llussiac
620 2023 802 2100 aliarumque
824 2034 968 2085 terrarum
988 2030 1088 2108 regio.

40 2125 139 2192 nibus.
192 2126 263 2187 llus
286 2123 375 2183 ctiam
404 2132 516 2199 spectat
543 2121 634 2195 illud,
660 2119 739 2197 quod
769 2121 939 2183 observavit
967 2126 1088 2186 Four·

41 2224 126 2283 nior
151 2218 188 2305 (l
209 2221 252 2301 c.)
282 2222 315 2280 lrr
340 2221 470 2298 pluribus
493 2236 579 2298 quam
601 2220 789 2298 septuaginta
811 2221 954 2280 militibus
975 2243 1014 2282 ex
1034 2227 1089 2285 illu

41 2323 179 2401 legione,
207 2338 282 2399 quae
303 2337 410 2379 nomon
431 2320 525 2377 traxit
545 2338 564 2377 a
585 2317 789 2395 Bruquerille,
817 2318 1015 2398 homerslopia
1042 2325 1088 2382 lo·

43 2418 231 2493 lorentiious,
259 2436 334 2496 quac
355 2427 426 2477 noto
446 2428 510 2476 erut
533 2438 549 2476 e
569 2420 650 2479 vitiis
672 2417 847 2498 digestionis
869 2427 900 2477 et
920 2423 1090 2500 congestio·
1111 2443 1118 2460 ·

43 2516 130 2579 {iiim
152 2518 306 2597 sauguinis
327 2535 345 2575 s
365 2517 591 2597 refrigeratione
612 2520 733 2580 exortis.

128 2614 192 2675 lma
212 2634 284 2677 vero
306 2602 478 2694 quamquam
499 2614 603 2693 negari
629 2632 691 2672 uon
711 2625 821 2692 potest,
850 2636 952 2678 omues
974 2618 1090 2696 quidus

46 2714 193 2792 lsucutque
214 2713 360 2777 exhibitae
379 2718 486 2773 noxias
509 2722 560 2771 sos'
580 2731 739 2790 provocare
760 2716 888 2789 morbos,
913 2716 1090 2796 exquibus,
1164 2712 1167 2718 ’
1227 2760 1237 2781 1

44 2814 75 2871 ti
95 2811 209 2890 mando
230 2812 346 2888 adsint,
372 2814 421 2871 vel
446 2811 642 2886 hemeralopia
669 2814 749 2888 ipsa,
778 2815 826 2871 vel
855 2824 934 2872 certo
962 2815 1000 2873 ad
1026 2835 1091 2873 eam

48 2912 215 2989 proclivitas
240 2911 384 2988 quaedam
410 2919 581 2985 onustatur,
609 2920 706 2969 tamon
734 2930 772 2969 ex
796 2914 891 2969 altera
918 2922 1000 2989 porte
1029 2930 1115 2974 non'

50 3008 339 3087 praetermittendum
358 3007 512 3086 estquod
533 3007 565 3065 hi
584 3010 642 3087 ipsi
661 3010 756 3069 morlsi
775 3011 824 3068 rel
845 3010 910 3069 sine
930 3014 994 3071 ulla
1012 3014 1092 3072 oculi

51 3108 216 3169 conditione
235 3117 359 3181 vexato,
380 3107 487 3165 rodum
507 3105 705 3185 hemcralopia
726 3113 890 3170 consociati
911 3114 1091 3176 exoriantur.

50 3205 128 3265 Hine
145 3206 238 3287 igitur
257 3202 336 3264 haud
358 3202 443 3269 dubie
458 3198 644 3266 manifestum
663 3218 719 3282 est,
740 3212 819 3269 alias
834 3212 954 3287 iusuper
970 3218 1092 3268 exateut

51 3322 154 3364 musae
176 3318 297 3365 ucmso
320 3324 401 3379 esse,
419 3293 512 3382 ,quac
524 3306 745 3386 progignendac
766 3307 979 3385 hemeralopiao
999 3309 1110 3382 petio-s

50 3404 150 3463 simun
169 3404 342 3467 inserviam.
384 3402 451 3463 Hos
472 3422 543 3463 vero
564 3414 617 3463 aut
635 3407 667 3463 in
695 3407 841 3485 singulari
870 3398 992 3483 quodam
1022 3424 1093 3465 ocu·

52 3502 142 3561 leram
162 3501 356 3577 dispositione
377 3498 447 3559 huic
465 3501 566 3561 morbo
587 3503 724 3577 favente,
750 3515 802 3562 out
822 3506 853 3562 in
876 3505 1016 3581 potentiis
1036 3522 1093 3562 no·

53 3601 191 3674 centibus,
213 3599 365 3675 speciatim
384 3600 415 3656 in
437 3602 537 3659 oculos
554 3600 615 3660 vim
637 3603 857 3676 exercentibus,
878 3608 990 3681 positae
1011 3612 1091 3667 sunt.

54 3700 112 3760 set
133 3718 196 3759 cum
216 3698 376 3776 singularis
399 3697 556 3774 quaedam,
580 3706 615 3756 ut
630 3718 719 3776 supra
739 3703 919 3775 monuimus,
942 3702 1094 3760 oculorum

54 3796 90 3855 ad
109 3795 331 3874 hemerolspiam
351 3794 532 3856 efficiendam
553 3801 756 3875 opportunitas
782 3820 877 3878 neque
904 3807 1093 3879 agnoscatur,

55 3913 143 3973 neque
159 3896 358 3976 intelligatur,
379 3912 437 3972 qua
458 3895 577 3955 tondens
598 3894 663 3954 ficri
684 3896 779 3974 possit
799 3901 931 3972 ratione,
953 3906 987 3955 ut
1008 3896 1094 3957 multi

90 4198 120 4273 i)
151 4200 295 4272 leogie
312 4196 480 4273 mttlsodique
499 4200 583 4256 Clota.
602 4201 649 4256 Vl.
667 4204 735 4257 Gen.
754 4204 803 4259 Ill.
821 4205 901 4278 Spec.
918 4205 940 4258 l.
998 4246 1002 4253 .
