2762 4960
277 391 323 459 13
481 378 1097 451 erraras-nausicaan

272 570 392 637 portu,
412 568 524 631 neque
540 553 701 617 annulum
721 555 812 615 illum
831 573 1008 626 mucosum,
1030 570 1141 632 neque
1161 569 1319 615 coronam

271 652 400 729 nigram
423 643 566 703 ciliarcm
592 648 690 726 (quae
709 649 894 725 saepissime
916 665 989 703 cum
1009 663 1086 704 vera
1107 645 1325 705 confunditur

276 756 401 800 corona
424 731 462 818 [s.
481 735 612 816 zonula]
636 738 768 814 ciliani),
801 735 1328 817 quorumsubindefmcntiqnem

274 830 401 892 videbis
422 829 557 899 factam,
578 861 616 872 —
635 832 782 908 proprias
799 834 998 888 constituere
1016 825 1103 887 oculi
1122 841 1241 906 partes,
1263 826 1330 893 sed

258 909 360 984 ‘falso
381 935 507 981 tantum
530 934 650 981 aetatu
670 936 745 1001 pont
765 936 900 981 mortem
909 960 920 991 ,
942 917 1016 991 ubi,
1029 938 1125 999 quae
1145 923 1211 977 vita
1231 931 1331 978 erant

279 1020 448 1086 continua,
468 1026 619 1087 separent
639 1017 801 1085 anatomi,
821 1017 956 1072 nomina
975 1009 1123 1071 retulisse
1138 1026 1171 1071 et
1186 1015 1329 1071 cristem-

278 1108 471 1184 riam1)..-
497 1102 593 1176 Non,
616 1104 732 1177 credo,
753 1109 788 1163 in
803 1102 1115 1189 eo‘ccgnoscend0‚
1137 1103 1230 1183 quod
1247 1123 1330 1167 vere

279 1201 402 1271 existit,
422 1197 583 1273 inmutatis
602 1214 768 1277 superque
788 1192 944 1271 habemus
963 1193 1163 1257 labenti·-¹
1191 1236 1204 1251 ..
1230 1232 1235 1250 ι
1312 1242 1322 1253 .

745 1358 773 1433 ς.
815 1373 860 1416 ra.

254 1454 257 1457 ⁵
356 1464 450 1526 llaec
469 1479 605 1545 quoque
630 1463 838 1539 membrana,
865 1465 987 1543 pariter
1007 1481 1044 1524 ac
1064 1464 1194 1545 capsula
1213 1464 1330 1541 lentis,

279 1554 380 1640 plane
396 1571 444 1619 est
461 1554 627 1636 pellucida
647 1571 680 1616 ct
697 1556 815 1616 coloris
837 1575 961 1634 expers,
981 1556 1169 1638 gaudetque
1188 1573 1333 1619 structu-

279 1672 317 1714 ra
336 1668 426 1730 mere
445 1647 714 1722 membranacea,
734 1648 903 1709 evidenter
919 1652 1005 1708 enim
1022 1648 1178 1711 cellulosa
1199 1665 1332 1711 constat

247 1792 250 1795 .
280 1742 499 1808 condensatat
535 1755 568 1799 et
592 1759 703 1821 neque
730 1739 876 1803 fasciculi
900 1741 1017 1805 radiati
1039 1762 1111 1802 eam
1132 1762 1332 1820 percurren-

280 1847 348 1905 tes,
374 1848 486 1910 neque
507 1850 621 1892 eorum
645 1848 833 1933 processup,
860 1838 921 1912 qui·
940 1848 1065 1905 tantum
1090 1831 1243 1894 fibrarum
1262 1831 1333 1895 eub.

279 1923 386 1986 forma
407 1921 598 1996 discedunt,
624 1922 720 1983 aliam
741 1923 894 1992 exhibent
914 1938 1125 1997 structuram,
1148 1928 1212 1984 nisi
1232 1924 1330 2004 quecl

280 2013 440 2075 celluloaa
464 2013 533 2074 illic
557 2019 659 2097 magis
681 2017 911 2077 accumuletur.
951 2017 1108 2083 Mutatur
1127 2015 1330 2076 cellulositas

278 2105 336 2166 illa
355 2108 471 2185 utique
491 2106 543 2166 vel
565 2106 635 2181 hic,
665 2113 758 2168 utin
779 2107 973 2188 quavis··alie
991 2107 1198 2180 membrana,
1225 2123 1332 2186 prout

278 2200 381 2278 megia
408 2201 604 2271 sitaserosa,
636 2211 691 2257 aut
718 2217 870 2270 mucosa,
903 2215 959 2259 aut
986 2198 1111 2261 fibrosa.
1174 2199 1330 2259 Proxime

279 2285 372 2357 abest
387 2301 533 2359 enatura
548 2287 696 2366 capsula,
717 2288 861 2368 ideoque
878 2294 1014 2352 omnino
1028 2288 1111 2351 nihil
1125 2286 1224 2350 habet
1236 2309 1334 2350 mus·

278 2379 384 2440 culosi
400 2381 448 2456 ¹),
470 2376 625 2458 equidem
640 2393 728 2439 certe
746 2383 783 2440 in
800 2398 839 2442 ca
858 2378 942 2442 nihil
962 2380 1026 2443 tale
1043 2401 1191 2466 unquam
1206 2381 1332 2463 deprea

248 2608 251 2629 ³
287 2610 343 2689 ⁸1)
360 2602 405 2673 Ei
423 2601 568 2680 inanibus,
605 2637 654 2674 uas
672 2600 764 2676 adhuc
781 2620 926 2688 habemus,
945 2608 1194 2688 coinnasciliaris,
1212 2640 1275 2681 tum
1290 2621 1326 2683 ea

294 2694 297 2697 '
347 2706 364 2740 a
384 2688 439 2742 Dr.
458 2689 496 2742 D.
513 2689 562 2742 W.
580 2640 903 2764 ioemmerringio
927 2690 960 2746 in
977 2694 1139 2749 'Doellin
1171 2697 1225 2751 eri
1242 2711 1325 2750 com·

346 2755 495 2811 muttit.
504 2753 650 2817 delineata,
665 2783 700 2799 -·
718 2773 780 2811 tum
792 2760 916 2825 maxime
930 2778 1023 2816 autem
1037 2761 1115 2817 illsa
1146 2798 1147 2801 =
1167 2804 1174 2818 .
1188 2766 1325 2820 Beerio

259 2884 264 2891 ι
335 2822 381 2875 Ιἰιι
397 2838 477 2948 oppp.
496 2842 518 2879 s.
535 2823 658 2879 Ansicht
674 2825 702 2879 d.
720 2826 956 2899 staphylomatee.
975 2833 1202 2911 Metamorphos.
1221 2832 1248 2891 d.
1263 2837 1329 2895 Am

347 2908 407 2969 ges.
465 2891 513 2945 ien
528 2892 609 2959 1306,
628 2891 771 2956 exhibita,
789 2895 824 2948 ad
841 2912 970 2951 naturam
987 2918 1119 2973 proxime
1135 2900 1259 2963 accedit,
1276 2901 1327 2959 in·

346 2958 451 3080 primis
474 2960 500 3012 si
523 2959 612 3013 totius
634 2959 827 3100 hujustartis
849 2962 973 3028 insanae,
998 2963 1103 3040 figurae
1122 2983 1150 3022 et
1168 2984 1256 3023 nexus
1274 2968 1326 3023 lia·

283 3051 289 3059 ·
368 3025 445 3081 ueris
469 3026 633 3083 rationem«
648 3054 684 3070 ·-
752 3048 816 3084 uam
847 3034 946 3087 Zinn
976 3035 1130 3110 proposuit
1160 3036 1329 3093 loc.²citat.'

347 3092 406 3149 tab.
416 3107 442 3160 7.
466 3094 533 3149 ideo
550 3095 700 3169 depravata
716 3112 771 3159 est,
798 3099 877 3173 quod
894 3103 1024 3176 corporis
1041 3103 1149 3161 ciliaris
1167 3108 1331 3173 ors‘serrs·

347 3175 375 3215 ta
393 3154 480 3217 nimis
496 3162 581 3236 lenge
597 3183 613 3216 a
626 3163 746 3220 zonulae
762 3186 824 3221 mar
843 3167 891 3223 ine
909 3169 1004 3225 distat.
1040 3171 1163 3233 Minime
1178 3192 1238 3227 rem
1258 3175 1329 3231 teti·

346 3228 491 3303 gitquam
510 3188 884 3308 depinxit'Campcrloc.
903 3238 952 3292 cit.
972 3241 1076 3308 ΜΠ.
1109 3270 1145 3284 -
1178 3241 1327 3299 Omnium

343 3298 554 3353 accuratissime
568 3317 662 3355 autem
677 3302 705 3356 D
714 3302 920 3378 cellingeri
936 3308 968 3361 ira
981 3308 1117 3364 Illustrat.
1129 3308 1329 3393 ichnograph.

347 3362 438 3446 figura
455 3366 571 3434 linearia
588 3368 705 3435 exhibet
722 3371 931 3433 variosnexus
953 3376 1036 3439 istos,
1046 3395 1116 3443 cum,
1130 3376 1252 3451 reliquas
1275 3394 1325 3434 tu·

297 3474 300 3479 ,
346 3428 420 3490 uicis
439 3434 518 3490 oculi
535 3457 549 3489 s
568 3455 672 3491 corona
691 3438 785 3493 ciliani
800 3441 905 3506 initos,
932 3463 1003 3516 quae
1023 3445 1111 3499 simul
1129 3445 1325 3522 descriptioni

345 3520 424 3559 meae
440 3504 565 3558 maxime
583 3507 728 3586 congruit.
803 3514 806 3527 ¹
1153 3526 1156 3537 ·

312 3571 348 3641 2)
364 3570 521 3649 Camper
540 3573 597 3628 loc.
617 3590 666 3645 cat.
684 3574 776 3630 eredit
793 3575 943 3635 fasciculos
963 3579 1031 3635 illos
1048 3583 1190 3640 tanatem
1208 3602 1266 3641 oste
1279 3588 1325 3658 fi·

259 3646 263 3653 '
287 3643 289 3647 '
344 3640 417 3696 bras.
466 3639 700 3716 Docilinger
722 3644 778 3700 loc.
796 3646 846 3701 cit.
868 3667 896 3721 p.
914 3660 962 3713 15,
990 3648 1058 3704 haec
1078 3650 1335 3717 monctdsstrw

344 3719 424 3760 ctura
441 3709 575 3764 annulae:
599 3730 663 3773 „ex
679 3713 782 3786 apertie
804 3710 938 3769 fibrarum
960 3715 1103 3773 fasciculis
1124 3719 1258 3774 tenuibus
1280 3719 1325 3777 le·

336 3773 452 3835 macilis
465 3779 628 3858 conjunctis
651 3794 679 3833 et
701 3779 834 3851 radiatim
849 3782 1000 3858 dispositis
1018 3796 1158 3844 conatam·
1175 3788 1323 3846 *Mallem

346 3860 377 3901 ee
401 3855 602 3909 convertisset,
628 3865 693 3901 cum
713 3867 772 3901 non
790 3847 894 3905 fibross
918 3853 967 3906 secl
985 3853 1129 3913 lamellcsa
1149 3856 1322 3930 praevaleat,

345 3910 426 3980 quod
440 3912 497 3980 jam
516 3914 582 3967 inde
599 3915 781 3990 perspicitur,
798 3917 876 3991 quod
893 3915 988 3987 fibrae,
1007 3941 1075 3995 ques
1088 3940 1203 3986 vocant,
1219 3926 1321 3982 multo

260 4030 265 4045 ,
342 3975 490 4035 breviores
513 3997 580 4036 sunt
601 3999 661 4038 tota
678 3983 798 4049 leminea
831 3991 970 4060 (quocum
994 3990 1052 4060 jam
1076 3991 1175 4046 Zinn
1198 4007 1322 4049 tonnas.

287 4052 291 4061 '
343 4044 381 4098 tit
397 4045 453 4101 lec.
471 4049 549 4103 citat.
573 4052 689 4125 pm).
724 4053 818 4108 Simul
834 4072 925 4110 autem
944 4058 1168 4133 Doellinger
1190 4061 1223 4115 in
1244 4079 1319 4117 nota

341 4111 423 4171 affixe
441 4115 557 4175 uberius
574 4120 745 4199 sententiam
758 4140 838 4179 suam
858 4123 904 4183 his
921 4125 1017 4182 verbis
1034 4129 1190 4203 expressit:
1206 4134 1318 4195 „Atta-
