2728 4960
258 344 385 412 Hosr
420 360 485 412 nn
519 361 773 414 narcarasr
803 365 899 415 nnc.
1033 369 1101 440 ¹9¹

6 548 8 597 t
66 547 125 601 ne,
146 522 233 586 hanc
251 521 484 604 ophthalmiam
505 534 719 603 augeretque
739 535 905 584 sustentat.
945 523 1106 605 Organon

67 634 174 680 autem
194 615 260 676 hoc
273 615 368 674 valde
386 611 539 675 sensibile
554 616 708 672 instinctu
728 613 888 692 quodam,
910 611 953 674 ob
971 619 1106 677 nimiam

64 711 140 771 lucis
160 711 417 786 impatientiam,
444 709 580 785 spastica
599 702 736 763 musculi
761 702 946 764 orbicularis
974 712 1107 769 actione

65 821 192 864 omnem
211 800 294 860 lucis
313 799 487 859 incidentis
516 792 671 855 influsum
699 797 817 855 evitare
844 810 998 871 conatur,
1025 819 1107 878 qua-

64 914 98 954 re
119 891 327 954 solummodo
351 890 499 971 plenaria
522 886 604 949 lucis
631 885 774 948 absentia
801 893 889 970 aegri
914 909 982 950 sors
1010 891 1108 973 quid-s

66 1005 161 1066 quam
180 986 356 1063 mitigatur,

135 1076 369 1156 Lamymarum
398 1071 446 1133 his
475 1070 609 1131 stimulis
637 1074 771 1149 copiose
794 1070 1016 1151 prolicitarum
1045 1064 1119 1137 rivl'

64 1168 191 1229 oculum
212 1162 422 1237 suffundunt,
439 1184 538 1246 genas
555 1167 709 1227 continuo
723 1167 849 1223 irritant
861 1165 1108 1246 palpebrarum·

66 1279 126 1339 que
141 1257 334 1317 inferiorum
348 1269 454 1316 cutem
470 1252 622 1315 acredine
637 1272 693 1314 sua
710 1255 861 1329 exedunt,
884 1257 1002 1337 quibus
1020 1281 1107 1320 sum·

65 1368 113 1409 ma
132 1348 299 1408 malorum
320 1366 390 1408 non
408 1366 522 1426 parum
542 1351 710 1415 increscit;
732 1368 804 1406 cum
825 1368 919 1408 causa
940 1349 1109 1411 stimulum

66 1446 202 1500 excitans
225 1458 322 1520 agere
340 1456 511 1517 nunquam
533 1450 652 1510 cesset,
674 1435 800 1496 dolores
819 1450 852 1496 et
871 1445 1030 1501 cruciatus
1052 1462 1108 1502 ae·

66 1551 119 1612 gro
146 1550 280 1613 quoque
306 1531 502 1588 remissionis
522 1542 649 1604 tempus
673 1546 744 1586 non
768 1528 972 1606 concedunt,
1001 1548 1032 1593 et
1061 1536 1108 1594 sic
1134 1520 1138 1529 ⁵

69 1625 175 1684 codem
188 1627 299 1705 vigore
312 1620 501 1700 perdurant.
539 1620 675 1682 Accedit
692 1640 762 1680 mox
778 1616 965 1698 cephalaea,
981 1628 1046 1685 imo
1060 1624 1110 1685 af·¹

67 1716 156 1776 iectio
178 1720 280 1776 totius
302 1715 494 1793 organismi.
523 1717 684 1792 appetitus
706 1716 934 1789 prosternitur,
965 1720 1108 1796 corporis
1149 1732 1157 1743 '

65 1808 217 1868 volumen
236 1803 439 1885 pedetentim
457 1809 676 1876 imminuitur,
698 1817 731 1861 et
747 1802 853 1863 indies
869 1808 969 1886 magis
989 1811 1109 1886 magis·

67 1919 126 1980 que
141 1904 228 1960 vires
245 1898 446 1958 decrescunt.
485 1895 678 1955 Exoriuntur
697 1898 732 1955 in
752 1899 822 1976 ipso
840 1896 956 1969 oculo,
976 1917 1038 1976 pro
1059 1899 1110 1957 di·
1153 1977 1156 1981 ἠ

65 1996 213 2052 versitate
235 1994 337 2069 ipsius
353 1987 530 2062 individui,
550 2008 614 2048 nec
634 2005 701 2046 non
722 2007 908 2060 causarum,
928 1985 1109 2070 degenere·

65 2085 168 2142 tiones
197 2085 383 2162 organicae.
431 2079 555 2139 Pariter
580 2072 718 2136 afficitur
738 2074 944 2153 conjunctiva
964 2081 1109 2141 scleroti·

66 2188 132 2231 cam
153 2185 187 2230 et
209 2190 360 2233 corneam
383 2170 572 2245 obducens,
592 2174 627 2229 in
649 2190 714 2250 qua
733 2190 876 2230 summae
895 2177 1109 2245 mutationes,

67 2283 159 2343 quam
176 2264 320 2337 formae,
341 2279 405 2323 tam
426 2263 600 2323 functionis
616 2277 783 2341 apparent.
824 2261 1037 2339 conjunctiva
1051 2270 1108 2337 sti,-

63 2355 148 2417 mulo
166 2349 360 2416 mechanico
385 2358 537 2415 continuo
559 2360 654 2415 nimis
678 2358 798 2414 irritata
820 2356 1022 2427 intumescit,
1054 2360 1108 2415 in·

63 2463 218 2508 crassatur
234 2462 268 2505 et
281 2444 467 2504 humoribus
482 2440 648 2518 obruitur,
669 2464 769 2524 quare
785 2442 870 2504 illius
890 2442 1017 2505 vascula
1034 2465 1109 2506 san-

61 2545 156 2619 guine
174 2538 328 2618 oppleta,
350 2541 547 2598 reactionem
563 2541 733 2608 amittunt,
756 2537 838 2594 etin
850 2540 971 2596 varices
987 2557 1108 2616 expan-

63 2649 95 2690 sa
107 2646 177 2690 rete
192 2628 397 2689 vasculosum
412 2626 546 2689 densum
561 2633 596 2689 in
617 2628 823 2704 conjunctiva
835 2622 985 2685 offerunt.

82 2720 86 2737 ¹
133 2718 210 2780 Pari
222 2725 348 2781 ratione
364 2719 540 2801 splendore
556 2737 613 2778 suo
628 2732 725 2797 atque
739 2714 961 2796 pelluciditate
974 2715 1107 2778 lamella

68 2832 210 2874 corneae
226 2817 388 2892 privatur,
411 2811 558 2891 fitopaca
582 2825 615 2870 et
634 2812 836 2882 intumescit,
856 2804 947 2893 firma
969 2804 1108 2885 conjun-

64 2908 122 2965 ctio
137 2925 213 2964 cum
230 2916 350 2965 'cornea
367 2903 508 2975 tollitur,
530 2920 604 2962 vasa
623 2904 660 2960 in
679 2915 763 2961 statu
783 2897 919 2961 normali
939 2902 1107 2979 sanguinis

64 2995 183 3057 affluxu
208 2995 405 3068 dilatantur,
431 3008 468 3053 ut
492 2991 580 3054 hunc
599 2997 777 3072 recipiant,
805 3005 903 3071 atque
929 2988 986 3049 tali
1012 2991 1110 3052 modo

61 3094 158 3150 nimia
180 3087 276 3165 hujus
300 3090 392 3166 copia
412 3084 545 3163 impleta
559 3091 623 3147 vim
641 3105 711 3146 sese
728 3080 923 3145 exonerandi
943 3087 1107 3143 amittunt.

63 3179 280 3255 Coniunctiva
299 3174 359 3236 hoc
383 3179 461 3236 vitio
487 3175 601 3238 affecta
621 3178 780 3238 functioni
800 3195 877 3235 suae
895 3173 1107 3255 peragendae

60 3272 181 3349 impar,
214 3284 247 3330 et
270 3275 307 3330 in
328 3268 548 3330 membranam
569 3291 736 3331 mucosum
757 3269 978 3329 transformata
998 3266 1107 3345 peries

62 3377 145 3421 ctam
164 3364 277 3442 panni
296 3366 471 3443 imaginem
490 3381 570 3440 prae
588 3381 622 3420 se
641 3363 714 3420 fert.

131 3453 166 3512 Si
185 3450 443 3512 inflammatione
462 3451 726 3525 vehementiore,
755 3467 810 3512 aut
829 3449 965 3525 subjecti
986 3455 1108 3511 consti-

60 3546 187 3601 tutione
207 3543 359 3617 laveute,
381 3541 513 3627 lympha
540 3545 674 3624 plastica
694 3548 780 3604 inter
798 3539 944 3601 lamellas
965 3560 1107 3603 corneae

60 3634 229 3708 exsudata,
259 3634 312 3695 vel
337 3638 444 3697 nimiis
471 3636 606 3696 stimulis
638 3641 796 3712 capacitas
816 3637 852 3692 in
871 3629 928 3691 illa
947 3633 1107 3714 reagendi

59 3723 158 3786 fuerit
178 3726 305 3798 deleta,
340 3746 461 3787 cornea
480 3729 613 3789 tandem
635 3733 769 3789 crassior
788 3726 966 3801 duriorque
987 3724 1111 3797 evadit,

62 3830 96 3874 et
114 3821 149 3876 in
167 3817 317 3879 indolem
335 3820 647 3895 membranaceum,
673 3833 729 3881 aut
748 3820 1007 3878 leucomatosam
1026 3814 1106 3893 abit,

62 3906 117 3968 vel
136 3929 275 3973 exsucca
292 3928 491 3994 corrugatur.

113 4002 211 4064 ‘Alio
231 4006 268 4063 in
288 4025 376 4077 casu,
396 4004 506 4067 ulcera
524 4007 561 4065 in
580 4004 749 4066 sclerotica
769 4014 801 4061 et
822 4019 942 4062 cornea
952 4022 1026 4064 mox
1038 4023 1111 4063 ma·

62 4091 145 4168 jora,
164 4115 241 4155 mox
260 4095 479 4175 profundiora
498 4093 593 4173 hujus
611 4095 756 4159 lamellas
776 4092 947 4156 exedentia
967 4098 1112 4178 gignun-
