2728 4960
274 446 346 519 134
468 433 591 501 Hosr
628 452 689 497 on
724 447 977 497 rarcrtrasr
1010 449 1109 497 arc.

273 609 368 682 dura,
392 607 699 687 emendandumque
717 606 934 685 relinquatur.
974 606 1032 666 His
1053 604 1234 667 rationibus
1256 606 1315 668 du·

272 715 339 758 ctus
354 715 559 777 praesentem
573 698 885 761 dissertatiunculam
900 696 1104 757 conscribere
1120 703 1259 778 suscepi,
1279 721 1316 760 ac

269 797 437 852 materiam
458 813 477 852 a
495 791 665 871 Jaegero
684 790 827 871 benigne
842 786 1081 868 suppeditatam
1098 808 1160 868 pro
1179 790 1313 865 viribus,

269 881 347 942 licet
367 886 504 964 exiguis,
525 897 562 943 ut
582 881 622 943 ab
643 889 717 943 artis
738 888 843 942 tirone
864 878 1132 959 exspectandum,
1160 888 1313 944 tractavi:

270 976 306 1032 in
333 994 398 1053 qua
424 973 534 1035 felices
562 990 695 1036 eventus
723 974 815 1051 hujus
845 974 1061 1051 operationis,
1090 971 1155 1047 jam
1182 977 1314 1057 saepius

273 1068 384 1125 c'ontra
411 1065 541 1127 morbos
568 1063 959 1147 pertinacissimos-nullo
981 1062 1045 1122 alio
1067 1062 1214 1124 remedio
1242 1064 1315 1126 abi-¹

271 1157 396 1239 gendos
416 1161 600 1233 institutae,
621 1157 761 1218 breviter
780 1153 908 1214 adduxi.
946 1152 1062 1232 Itaque
1081 1156 1312 1218 tantammodo

271 1246 313 1308 de
335 1254 560 1330 exstimatione
584 1246 731 1310 ciliorum
754 1265 859 1306 sermo
884 1264 953 1304 esse
975 1258 1099 1323 potest:
1127 1259 1226 1325 atque
1251 1267 1313 1330 ego

270 1337 355 1399 hanc
379 1345 605 1419 operationem
634 1352 682 1398 sat
712 1339 862 1420 dignam,
898 1333 1217 1413 ac.ophtha]miatris
1248 1339 1314 1400 fors

269 1449 341 1489 non
361 1435 540 1510 in'optatam
565 1450 633 1491 esse
653 1435 850 1509 putaverim,
882 1442 915 1493 et
938 1425 1023 1487 maht
1043 1431 1105 1507 ipsi
1127 1428 1183 1489 tali
1209 1431 1313 1491 modo

271 1528 350 1582 certi
372 1523 452 1582 fines
471 1517 705 1606 praefigantur,
727 1528 810 1583 intra
831 1541 912 1601 quos
928 1525 1024 1581 unica
1044 1539 1117 1579 mea
1137 1528 1313 1605 occupatio

271 1618 354 1672 circa
376 1596 603 1693 palpebrarhm
629 1613 777 1688 morbos,
813 1618 870 1696 qui
896 1613 1033 1674 formam
1059 1616 1203 1677 vitiatam
1225 1613 1314 1674 euhi-

269 1704 366 1777 bant,
388 1707 574 1768 versabitur.
668 1722 671 1726 '

344 1798 395 1875 Ad
416 1797 546 1859 inorb'os
572 1796 799 1876 palpebrarum
820 1794 957 1857 formam
981 1795 1170 1872 laedentes,-
1199 1814 1313 1861 contra

270 1910 352 1970 quos
373 1891 568 1971 exstirpatio
590 1888 738 1949 ciliorum
759 1889 1022 1961 commendatur,
1043 1905 1217 1968 sequentes
1238 1909 1315 1956 ante

254 1981 349 2041 'alios
378 1983 581 2043 adnumerari
606 1996 791 2043 merentur:
832 1980 998 2044 trichiasz's
1025 1994 1186 2059 namque,
1216 1979 1314 2042 disti·

269 2072 390 2133 chiasis
411 2090 444 2134 et
463 2076 648 2154 eutropium
675 2071 787 2150 (hujus
808 2070 1042 2132 distributionis
1069 2076 1152 2131 ratio
1174 2071 1312 2134 inferius

266 2164 421 2242 patebit),
444 2186 583 2244 quorum
605 2165 792 2226 morborum
814 2167 940 2224 sanatio
963 2161 1024 2222 hac
1047 2166 1242 2243 operatione
1263 2185 1314 2225 so·

193 2266 198 2275 ’
255 2252 437 2321 ⁴lumrnodo
464 2268 534 2315 tuta
555 2277 593 2316 ac
613 2256 782 2327 radicalis,
812 2255 920 2322 multis
939 2260 975 2316 itt
995 2253 1140 2328 casibus,
1167 2252 1311 2315 obtineri

266 2358 376 2425 potest
394 2350 432 2424 ²).
879 2406 884 2413 ,
1105 2423 1111 2433 .
1304 2392 1307 2395 -

342 2439 456 2517 Longe
483 2440 593 2499 tamen
613 2419 712 2509 absit,
739 2450 776 2497 ut
803 2441 977 2497 curationis
1001 2435 1173 2499 methodos
1200 2453 1313 2501 contra

266 2516 325 2591 hos
341 2529 474 2592 morbos
490 2528 685 2602 celebratas,
709 2543 740 2589 et
755 2531 940 2607 saepissime
956 2544 1111 2609 exoptato
1126 2551 1200 2591 cum
1215 2551 1315 2592 even·

264 2609 301 2682 tu
317 2620 494 2696 adhibitas,
516 2637 682 2705 tamquam
696 2617 872 2702 superfluas
887 2623 1022 2700 rejicere
1037 2626 1073 2683 in
1088 2627 1198 2685 animo
1215 2639 1311 2699 esset,

264 2713 324 2774 sed
350 2729 455 2775 tutum
480 2714 661 2776 remedium
689 2714 930 2776 subministrare
956 2712 1034 2774 volo
1041 2754 1054 2788 ,
1090 2735 1157 2796 quo
1184 2719 1221 2776 in
1248 2715 1311 2777 illis

266 2804 391 2866 casibus
413 2824 547 2889 quoque
567 2806 720 2893 (quorum
739 2825 892 2867 numerus
914 2820 999 2866 certe
1020 2825 1091 2867 non
1111 2808 1258 2888 exiguus)
1277 2810 1313 2867 iu

266 2895 385 2974 quibus
405 2903 582 2958 sanationis
609 2895 781 2957 methodos
810 2895 873 2956 huc
892 2918 996 2977 usque
1023 2895 1181 2958 adhibitas
1207 2897 1313 2956 insuf-

266 2983 428 3057 ficientes,
455 2988 706 3068 inefficacesque
724 3002 773 3048 tot
792 2988 911 3047 medici
932 2987 1161 3061 observarunt,
1183 2994 1311 3050 sanatio

266 3075 409 3136 obtineri
435 3084 546 3156 possit.
595 3079 677 3167 Cpm
704 3079 769 3155 jam
798 3100 835 3140 ex
862 3082 1051 3158 cognitione
1076 3084 1177 3159 ipsius
1203 3080 1312 3142 morbi

264 3166 384 3227 termae
410 3168 537 3229 illarum
566 3169 828 3231 insufficientiam
853 3175 1036 3250 perspicere
1062 3170 1179 3246 liceat,
1215 3169 1312 3247 hujus

265 3256 497 3321 dissertationis
523 3282 640 3340 scopus
668 3264 703 3319 in
727 3281 766 3320 eo
788 3275 913 3322 tantum
933 3278 1096 3338 versatur,
1125 3278 1162 3321 ut
1181 3279 1312 3342 praeter

268 3364 450 3412 accuratam
471 3357 707 3432 expositionem
727 3370 833 3411 novae
853 3357 1053 3432 operationis
1072 3354 1239 3431 methodi,
1261 3377 1312 3417 re·

256 3440 363 3525 ¹gulae
390 3444 485 3503 simul
509 3443 550 3505 ad
576 3444 693 3521 justam
714 3464 752 3505 ac
773 3446 1082 3524 correspondentem
1110 3443 1199 3506 hunc
1224 3466 1311 3507 mor·

262 3534 342 3595 b'um
363 3535 523 3596 tractandi
537 3556 685 3596 normam
706 3535 972 3615 suppeditentur,
994 3535 1112 3617 quibus
1134 3541 1242 3598 minus
1258 3558 1310 3598 ex·

262 3644 373 3708 pertus
395 3628 435 3689 ab
455 3626 583 3702 inutili,
614 3648 650 3686 ac
675 3646 746 3689 non
771 3648 844 3688 raro
869 3628 991 3690 malum
1016 3644 1229 3710 exasperante
1256 3651 1309 3690 cu·

262 3724 397 3784 rationis
419 3719 577 3783 methodo
596 3724 731 3781 retineri
752 3719 881 3783 debeat.

269 3843 347 3851 ..n-...-
373 3847 388 3851 ...
412 3845 558 3853 ...mn-0---

302 3896 332 3966 1)
351 3896 440 3958 [Mihi
458 3898 553 3953 visum
573 3911 614 3951 est
632 3896 665 3949 ad
683 3896 759 3951 hunc
776 3895 872 3953 locam
890 3914 1022 3960 monere,
1043 3897 1120 3973 quod
1136 3912 1240 3954 auctor
1252 3899 1306 3971 dis·

332 3966 492 4019 testationis
513 3966 597 4033 hujus
618 3965 807 4029 clarissimus,
832 3986 897 4021 cum
915 3973 1041 4044 entropio
1061 3967 1147 4023 etism
1172 3986 1223 4022 stra
1242 3986 1306 4041 ope·

330 4033 412 4084 randi
441 4030 578 4087 methodo
607 4033 715 4088 mederi
741 4053 824 4109 posse
852 4037 985 4097 suaserit,
1023 4054 1127 4091 errasse
1155 4035 1303 4097 videntum

331 4100 438 4171 quippe
482 4121 517 4153 aa
541 4101 678 4156 methodo
705 4120 764 4156 non
788 4103 847 4156 nisi
871 4104 1005 4158 ciliorum
1030 4123 1161 4177 perversa
1184 4104 1304 4159 dirmtio

332 4181 379 4218 aut
397 4121 519 4240 simlih'ex
536 4184 584 4223 aut
600 4171 733 4243 eutropio
753 4186 842 4245 napta
861 4173 927 4226 sotii
944 4173 1057 4247 possitJ.
