2728 4960
195 402 288 467 '12
414 442 419 448 ·
533 397 1019 460 Touaruaaoanannrs·

245 558 363 623 modum
375 554 702 636 probabili'orgumento
720 550 942 632 Maskelyue
954 549 1097 623 ‘ostendit
1113 565 1184 619 cum,
1202 562 1259 620 sup·

245 658 347 735 positis
368 655 493 714 larini
514 654 545 712 ct
564 650 681 713 Potiti
701 651 946 724 dimensionibus,
967 652 1040 708 inito
1061 648 1168 706 calculo
1186 646 1261 713 eruit,

244 753 494 834 perturbationem
512 754 660 832 imaginis,
680 769 718 808 ex
735 749 921 809 aberratione
938 751 1096 808 staminum
1109 754 1211 817 natam,
1228 744 1262 799 si·

247 853 364 933 quidam
386 842 480 910 statuo
501 851 677 910 refractione
705 849 815 925 objecti
835 850 992 907 distantiae
1012 844 1197 922 respondeat,
1221 857 1264 915 per

247 970 324 1024 eam,
346 952 473 1028 quaein
493 950 658 1027 telescopiis
680 947 865 1009 chromaticis
886 945 1021 1020 obvenit,
1042 954 1166 1023 quatuor
1183 939 1265 1015 appri-

247 1069 295 1109 me
315 1047 427 1107 vicibus
449 1049 580 1121 superari
598 1042 639 1127 ¹).
682 1044 795 1103 Idcirco
823 1048 988 1122 quaeritur:
1016 1054 1116 1102 utrum
1135 1039 1198 1115 talis
1217 1036 1265 1094 dis-

247 1148 392 1225 persionis
413 1147 541 1203 circulus
561 1146 673 1204 minimi
692 1143 814 1202 risibilis
834 1145 941 1201 limites
961 1142 1128 1201 necessario
1143 1130 1265 1195 excedati

248 1243 336 1304 Etsi
357 1243 497 1316 excedat,
526 1253 561 1301 ut
587 1246 673 1301 oculo
700 1258 760 1299 non
780 1245 838 1299 rite
866 1241 1023 1300 distantiae
1044 1228 1151 1315 objecti
1169 1251 1268 1293 accom-

248 1342 388 1417 modato,
415 1340 494 1399 baud
513 1340 655 1398 absonum
676 1341 734 1398 erit
752 1341 941 1414 ratiocinari,
968 1339 1139 1397 aberrantes
1160 1335 1269 1403 colores,

237 1443 303 1519 qui
328 1442 467 1500 viciniam
492 1448 655 1514 occupant,
693 1439 786 1496 levius
814 1440 939 1496 retinam
966 1437 1103 1510 afficere,
1140 1450 1220 1510 qnam
1241 1437 1270 1485 nt

249 1540 361 1619 percipi
382 1539 514 1614 possint,
548 1556 615 1594 cum
643 1556 660 1592 e
686 1534 869 1594 theoremate
888 1535 1083 1596 Newtoniano
1110 1529 1271 1617 peripherica
1311 1552 1316 1569 ι

72 1622 74 1635 ’
154 1690 158 1699 ,
251 1640 355 1698 oiremi
381 1656 450 1713 para
476 1638 603 1692 rariores
630 1636 778 1692 contineat
807 1654 842 1693 ac
876 1636 962 1692 lentis
996 1632 1137 1692 lateribus
1164 1630 1272 1688 maxine

251 1735 414 1807 refractos,
446 1734 569 1812 ideoque
598 1721 781 1805 debilitatos,
813 1751 937 1811 quorum
963 1732 1113 1793 efficaciae
1135 1730 1272 1797 cantuales,

254 1843 286 1893 at
303 1832 468 1913 frequentia
489 1841 520 1890 et
540 1834 659 1911 energia
678 1842 868 1912 superantes,
889 1833 978 1913 longo
996 1833 1183 1910 praevaleant
1194 1828 1229 1901 2)

732 2007 761 2083 ἓ.
785 2004 816 2072 6.
894 2060 899 2069 ,

296 2154 299 2159 ·
319 2135 469 2194 'Alteram
489 2152 610 2212 eamque
632 2135 748 2191 omnino
770 2131 998 2213 ‘insuperabilem
1019 2130 1217 2190 difficultatem
1237 2129 1275 2185 iu·

256 2249 373 2292 versum
400 2252 464 2290 esse
489 2233 621 2290 ordinem
641 2234 793 2311 imaginis,
822 2234 855 2289 in
870 2234 972 2316 ¹retina
994 2230 1145 2306 depictae,
1176 2228 1277 2299 asserit,

256 2346 351 2406 quae,
371 2348 430 2405 qua
447 2332 561 2386 ratione
579 2334 610 2387 in
628 2341 735 2415 statum
747 2339 877 2389 erectum
888 2333 1076 2403 restituatur,
1099 2348 1183 2387 nemo
1197 2325 1277 2384 adhue
1340 2366 1341 2413 ,

258 2426 399 2487 docuerit.
442 2426 488 2484 lta
510 2444 631 2503 puerum
651 2429 761 2502 tradit,
784 2431 834 2503 qui
852 2432 956 2486 summi
977 2426 1202 2486 Cheseldeni
1220 2442 1278 2501 ope·
1341 2452 1342 2457 ι

255 2526 372 2582 ratione
392 2528 485 2582 visum
507 2537 611 2583 nactus
633 2528 687 2599 sit,
706 2530 767 2603 jam
788 2530 880 2603 primo
901 2529 1027 2599 intuitu,
1050 2546 1127 2604 quae
1148 2544 1166 2583 a
1184 2523 1279 2582 dextris

256 2633 338 2681 tactu
351 2634 531 2701 perceperat,
549 2634 579 2681 et
592 2643 609 2681 a
622 2624 732 2683 dextris
747 2628 809 2682 sine
824 2627 883 2683 ullo
896 2626 1067 2683 confusione
1079 2626 1187 2684 vidisse
1202 2620 1237 2701 ³).
1246 2650 1280 2666 -·

258 2719 388 2780 Similem
408 2725 495 2780 liceat
517 2722 714 2799 quaestionem
737 2742 901 2800 opponere,
929 2742 1000 2780 num
1016 2726 1214 2804 intelligatur,
1235 2737 1282 2799 quo

257 2819 344 2878 modo
362 2822 459 2894 oculo,
481 2822 594 2877 etiamsi
610 2804 778 2879 humoribus
794 2821 948 2879 inhaerens
964 2824 1074 2901 imago,
1097 2831 1231 2881 manente
1243 2837 1283 2876 or-

259 2919 339 2991 dina,
355 2920 388 2976 iu
399 2921 525 2994 spatium
538 2929 692 2977 externum
705 2920 809 2978 referri
822 2923 933 2997 possiti
954 2918 988 2978 Si
1000 2920 1153 2996 quodlibet
1165 2917 1285 3000 imaginis

259 3030 400 3095 puuctum
413 3049 454 3060 ·-
469 3034 537 3075 nam
554 3020 713 3075 ecollectis
729 3018 861 3092 partibus
879 3018 988 3094 objecti
1003 3021 1099 3077 visum
1119 3020 1226 3077 exoriri
1242 3032 1285 3073 ex·

260 3125 309 3174 tra
330 3133 445 3172 ornnem
464 3111 653 3173 dubitationis
674 3117 768 3173 aleam
783 3120 908 3192 positum
922 3128 967 3175 cst
983 3147 1020 3161 -
1035 3118 1073 3175 ad
1084 3120 1198 3191 locum,
1219 3135 1235 3172 e
1249 3115 1286 3171 di·

248 3221 342 3271 *recto
354 3214 409 3289 ipsi
421 3212 654 3287 respondentem,
672 3217 819 3288 retuleris,
841 3234 910 3272 num
929 3216 986 3272 alia
1004 3226 1050 3273 est
1064 3220 1153 3290 ratio,
1175 3235 1209 3273 ac
1221 3215 1245 3272 si
1256 3209 1289 3268 ad

260 3309 379 3386 oblique
390 3311 553 3386 oppositum
574 3292 626 3387 pe'r
639 3312 771 3386 eandem,
796 3332 881 3389 quam
893 3314 968 3371 radii
982 3317 1121 3393 legerint,
1137 3311 1232 3374 viaml
1256 3308 1289 3367 Et

261 3408 339 3486 quod
355 3411 440 3484 pueri
460 3411 623 3484 exemplum
639 3413 760 3484 attinet,
782 3414 900 3469 minime
919 3412 1118 3487 demonstrat,
1141 3431 1194 3485 eo,
1215 3425 1290 3486 quem

260 3508 381 3566 realiter
398 3516 517 3580 tenent,
551 3509 652 3566 ordine
669 3508 784 3584 objecta
801 3512 898 3585 oeroi3
920 3528 988 3567 nam
1008 3512 1092 3585 idea,
1116 3530 1192 3589 quae
1213 3522 1291 3565 cocco

263 3594 301 3663 do
321 3607 412 3662 latere
434 3605 538 3662 dextro
559 3625 595 3663 ac
617 3610 735 3665 sinistro
759 3611 853 3682 inest,
883 3627 918 3665 ea
946 3608 1063 3685 objecta
1091 3609 1293 3685 complectitur,

264 3720 339 3781 quae
368 3703 497 3778 ejusdem
521 3705 621 3775 lateris
650 3707 900 3781 extremitatibus,
931 3710 1128 3766 musculorum
1154 3706 1293 3766 abducen-

349 3974 570 4043 Maskelyne‚
589 3980 777 4044 attempta
715 3982 794 4030 toex
811 3976 865 4031 lain
883 3995 900 4029 a
917 3976 1047 4047 difficulty
1063 3977 1092 4031 iu
1108 3977 1155 4032 ibe
1171 3967 1298 4043 meones

350 4045 442 4096 vision.
460 4045 608 4114 Philosoph
626 4053 751 4099 tremam
802 4047 834 4100 ol
852 4048 975 4102 LXXIX.
1002 4067 1028 4119 p.
1018 3982 1102 4101 ty256.

300 3975 332 4042 1)

299 4111 588 4180 2)Porterfield,
614 4116 631 4168 l
650 4134 673 4169 c.
691 4135 717 4187 p.
734 4117 879 4174 sao-81

301 4181 334 4251 8)
352 4183 484 4250 Reade‚
507 4184 524 4237 l
542 4203 606 4256 cp
623 4185 685 4239 268.
949 4186 952 4195 ⁴
