2728 4960
254 401 324 469 ¹70
410 379 592 455 lasona
616 361 684 446 'un
717 392 1117 449 anaaroatxrun.

248 576 382 629 munus,
399 555 480 616 baec
494 557 656 625 extensio,
679 549 732 615 bic
751 548 890 617 ambitus
900 560 910 618 3‘
938 550 1100 632 quidquid
1120 565 1207 614 extra
1228 552 1288 615 bos

249 648 423 729 cancellos,
445 646 481 707 id
496 645 537 706 ab
552 666 589 705 aa
606 645 758 706 alienum.
796 644 864 704 Jam
885 663 974 703 nunc
1001 663 1081 706 vero
1097 644 1292 719 eruendum,

246 740 366 820 quibus
383 744 538 800 materiae
560 735 705 797 animalis
726 734 800 795 buic
821 734 946 796 cambio
971 733 1136 817 crystallus
1150 733 1291 797 obscura

188 908 191 913 Δ
227 833 455 895 subducatur.
494 834 602 908 Atque
615 819 703 887 hunc
723 831 758 886 in
778 824 876 887 finem
897 831 1069 906 sequentia
1089 846 1290 891 commemo·

246 922 484 1001 rassejuvtbit:
508 920 668 999 Quaevis,
692 918 815 980 morbo
831 932 917 978 extra
940 916 1096 981 circulum
1119 925 1289 981 activitatis

248 1022 391 1093 corporis
407 1017 509 1076 nostri
522 1018 627 1092 posita
640 1030 725 1090 pars,
748 1008 883 1091 quodvis
905 1007 1075 1069 machinae
1094 1024 1226 1070 nostrae
1247 1014 1290 1070 ri·

246 1108 358 1192 gidurn
381 1110 632 1177 constitutivum,
652 1122 716 1182 qua
730 1101 806 1174 tale,
830 1120 867 1161 ex
882 1122 917 1162 se
930 1106 980 1164 sui
1000 1105 1199 1179 resorptioni
1211 1105 1294 1161 resi-

245 1206 309 1262 stit.
329 1201 428 1278 Atqui
448 1190 518 1258 leus
546 1205 648 1273 opaca
669 1210 704 1254 ut
727 1194 887 1277 rigidum,
911 1209 948 1255 ut
969 1191 1084 1253 morbo
1104 1207 1137 1254 et
1158 1192 1292 1273 capsula

246 1309 305 1353 sua
318 1291 482 1352 efficaciae
504 1290 643 1364 corporis
663 1291 766 1346 nostri
784 1283 961 1345 substracta
986 1284 1165 1365 particula,
1189 1289 1292 1345 cuivis

63 1434 65 1443 a
148 1418 152 1427 ι
243 1383 439 1447 resolutioni
457 1393 553 1460 atque
573 1378 655 1438 adeo
669 1379 882 1455 resorptloni,
908 1377 1066 1459 quamdiu
1078 1376 1167 1459 talis,
1187 1378 1290 1438 resne·

245 1490 349 1559 gatus.
387 1472 428 1532 Et
439 1490 554 1549 reapse
569 1472 651 1548 quis,
667 1487 803 1549 quaeso,
819 1466 942 1529 lentem
957 1490 1015 1529 aua
1036 1469 1196 1530 reclusam
1214 1490 1293 1550 cap·

244 1563 314 1627 sula
327 1563 520 1639 disparuisse
532 1559 633 1621 vidit?
654 1559 699 1618 Ut
712 1579 790 1642 crgo
807 1559 969 1619 resorberi
989 1575 1067 1639 apta
1088 1560 1223 1635 evadat,
1245 1559 1289 1621 ab

243 1653 306 1727 hac
320 1654 501 1725 liberanda,
523 1667 621 1732 atqua
641 1651 837 1713 commedio
858 1654 894 1711 in
909 1664 1094 1710 contectum
1115 1651 1289 1731 ponenda,

244 1767 312 1828 quo
334 1747 425 1815 dilui,
448 1765 514 1825 quo
529 1742 630 1804 fluida
647 1743 743 1804 reddi
763 1745 875 1821 possit.
919 1742 994 1801 Hoc
1015 1757 1217 1804 menstruum
1239 1757 1290 1804 est

242 1835 362 1899 humor
378 1855 512 1914 aqueus,
534 1856 600 1915 quo
617 1835 761 1898 emollita
774 1833 963 1905 resolvitur,
990 1848 1088 1914 atque
1108 1836 1287 1907 celeritate,

244 1930 287 1999 ad
307 1947 461 1988 venarum
485 1926 668 1988 bibularum
698 1932 893 1993 nativitatem
915 1925 1038 1989 directe
1066 1947 1101 1987 se
1129 1925 1288 2001 habente,
1358 1914 1359 1921 ἵ

242 2021 395 2098 disparet.
434 2018 476 2077 At
490 2038 578 2090 vero,
594 2014 691 2096 'quod
710 2019 832 2079 lentem
854 2022 985 2099 egregie
1003 2016 1192 2098 liquefacit,
1214 2037 1288 2079 nott

244 2131 351 2191 aeque
365 2109 528 2188 capsulam
541 2107 647 2170 solvit.
681 2111 772 2172 Haec
784 2108 905 2170 fibroso
916 2107 1170 2172 membranaceo
1183 2125 1287 2185 textu,

242 2208 387 2282 propria,
407 2221 485 2259 suae
499 2200 709 2260 destinationi
730 2205 766 2259 in
787 2200 875 2261 oculi
896 2201 1119 2280 respondente
1124 2242 1137 2276 ,
1156 2199 1286 2275 indole,

243 2299 342 2354 cuivis
363 2291 506 2350 humoris
527 2298 624 2370 aquei
644 2290 796 2349 tundenti
815 2295 846 2350 vi
866 2297 1015 2353 resistere
1032 2309 1109 2354 nata
1127 2313 1287 2354 commer-

241 2393 328 2445 cium
344 2384 497 2444 materiae
511 2381 634 2440 tamdiu
646 2381 750 2440 solum
766 2389 930 2462 agnoscit,
955 2386 1112 2465 quamdiu
1123 2404 1197 2445 vasa
1214 2385 1284 2462 ejus

239 2480 379 2556 integra,
396 2471 552 2555 quamdiu
564 2491 635 2537 non
650 2471 830 2533 obliterata.

261 2622 264 2633 ,
317 2566 408 2627 Haec
428 2585 488 2646 per
514 2569 744 2642 experientiam
768 2566 886 2627 dictata
905 2573 1020 2630 veritas
1040 2568 1285 2653 kerstonyxidis

239 2677 389 2722 normam
404 2659 525 2729 statuit,
548 2670 646 2736 atque
658 2662 792 2720 nonnisi
807 2660 1018 2739 sequentibus
1039 2662 1285 2728 conditionibus

239 2752 419 2813 secundum
438 2748 608 2827 pollicetur
625 2763 794 2811 eventum:

316 2863 344 2901 t.
383 2842 557 2921 crystallus
573 2842 750 2922 caliginosa
764 2862 782 2901 a
800 2843 930 2922 capsula
943 2842 1075 2906 liberari
1092 2847 1205 2923 possit.

258 2980 261 2987 .
314 2952 343 2993 2.
379 2932 501 2993 Eadem
515 2937 560 2991 ita
570 2933 776 2996 conformata
790 2939 842 3010 sit,
857 2952 893 2997 nt
907 2935 1044 2999 hutnore
1056 2926 1166 3018 nqueo
1179 2933 1284 2997 emol-

236 3021 292 3085 liri
306 3037 415 3100 queat,
429 3022 587 3104 solvique.

283 3122 344 3263 113⁰
383 3112 467 3175 Vasa
487 3113 690 3179 resorbentia
717 3121 750 3179 vi
773 3117 897 3183 lentem
923 3121 1082 3201 liquatam
1108 3106 1280 3185 inltelendi
1321 3108 1324 3115 Α

239 3223 284 3287 P⁰
309 3218 395 3273 Μ·

317 3468 419 3550 Quod
438 3468 502 3545 jam
523 3466 751 3532 liberationem
771 3473 868 3534 lentis
890 3495 907 3535 a
928 3476 1058 3556 capsula
1080 3481 1210 3548 attinet,
1238 3472 1277 3534 id

239 3562 348 3625 tolum
361 3581 402 3624 eo
410 3561 657 3645 intelligendum
675 3580 732 3639 est,
747 3581 783 3626 ut
791 3565 940 3644 capsulae
952 3567 1051 3629 facies
1067 3570 1219 3639 anterior,
1234 3563 1280 3624 de

242 3676 307 3736 qua
321 3654 374 3714 bic
388 3675 506 3728 sermo,
522 3654 625 3719 libero
637 3653 780 3719 humoris
794 3663 891 3738 aquei
899 3660 944 3720 ‘atl
955 3660 1078 3722 lentem
1096 3657 1199 3721 aditui
1210 3653 1279 3717 sni·

242 3745 389 3809 sicienter
405 3751 576 3824 aperiaturt
623 3799 626 3803 .

309 4003 369 4039 nott
386 3984 421 4038 sd
439 3983 536 4041 locum
555 3989 685 4045 catiacus
704 3990 889 4056 immittitur.
914 3993 962 4049 sed
981 3976 1154 4048 admodum
1176 4006 1279 4048 caura-

309 4056 577 4189 oppeicretploveudse
597 4057 797 4128 (discisiouem
814 4078 1032 4137 sequentemque
1048 4061 1280 4138 resorptionsar)

309 4140 431 4197 rpet
460 4162 491 4193 .,
593 4138 597 4145 ·
699 4135 703 4145 ’
810 4136 812 4141 “
