<?xml version="1.0" encoding="UTF-8"?>
<!DOCTYPE html PUBLIC "-//W3C//DTD XHTML 1.0 Transitional//EN"
    "http://www.w3.org/TR/xhtml1/DTD/xhtml1-transitional.dtd">
<html xmlns="http://www.w3.org/1999/xhtml" xml:lang="en" lang="en">
 <head>
  <title>
</title>
<meta http-equiv="Content-Type" content="text/html;charset=utf-8" />
  <meta name='ocr-system' content='tesseract 3.04.00' />
  <meta name='ocr-capabilities' content='ocr_page ocr_carea ocr_par ocr_line ocrx_word'/>
</head>
<body>
  <div class='ocr_page' id='page_1' title='image "./scriptoresophth00radigoog_0243.png"; bbox 0 0 2728 4960; ppageno 0'>
   <div class='ocr_carea' id='block_1_1' title="bbox 254 386 1096 478">
    <p class='ocr_par' dir='ltr' id='par_1_1' title="bbox 254 386 1096 478">
     <span class='ocr_line' id='line_1_1' title="bbox 254 386 1096 478; baseline -0.011 -13"><span class='ocrx_word' id='word_1_1' title='bbox 254 395 325 478; x_wconf 78' lang='lat'>136</span> <span class='ocrx_word' id='word_1_2' title='bbox 439 386 565 458; x_wconf 81' lang='lat' dir='ltr'>Hosr</span> <span class='ocrx_word' id='word_1_3' title='bbox 600 405 662 457; x_wconf 79' lang='lat' dir='ltr'>ue</span> <span class='ocrx_word' id='word_1_4' title='bbox 699 405 960 458; x_wconf 79' lang='lat' dir='ltr'>rurourasr</span> <span class='ocrx_word' id='word_1_5' title='bbox 997 405 1096 456; x_wconf 63' lang='lat' dir='ltr'>ero,</span> 
     </span>
    </p>
   </div>
   <div class='ocr_carea' id='block_1_2' title="bbox 226 565 1295 3038">
    <p class='ocr_par' dir='ltr' id='par_1_2' title="bbox 244 565 1295 1201">
     <span class='ocr_line' id='line_1_2' title="bbox 326 565 1295 655; baseline -0.004 -25"><span class='ocrx_word' id='word_1_6' title='bbox 326 566 453 649; x_wconf 86' lang='lat' dir='ltr'>Quibus</span> <span class='ocrx_word' id='word_1_7' title='bbox 479 567 628 629; x_wconf 88' lang='lat' dir='ltr'>distincte</span> <span class='ocrx_word' id='word_1_8' title='bbox 649 572 818 649; x_wconf 82' lang='lat' dir='ltr'>expositis,</span> <span class='ocrx_word' id='word_1_9' title='bbox 849 565 989 627; x_wconf 89' lang='lat' dir='ltr'>fideliter</span> <span class='ocrx_word' id='word_1_10' title='bbox 1015 587 1067 626; x_wconf 86' lang='lat' dir='ltr'>ex.</span> <span class='ocrx_word' id='word_1_11' title='bbox 1078 577 1196 625; x_wconf 83' lang='lat' dir='ltr'>natura</span> <span class='ocrx_word' id='word_1_12' title='bbox 1221 568 1295 655; x_wconf 80' lang='lat' dir='ltr'>ipse</span> 
     </span>
     <span class='ocr_line' id='line_1_3' title="bbox 249 652 1294 735; baseline -0.007 -11"><span class='ocrx_word' id='word_1_13' title='bbox 249 662 388 734; x_wconf 80' lang='lat' dir='ltr'>haustis,</span> <span class='ocrx_word' id='word_1_14' title='bbox 415 660 558 721; x_wconf 78' lang='lat' dir='ltr'><strong>indoles</strong></span> <span class='ocrx_word' id='word_1_15' title='bbox 566 658 823 721; x_wconf 75' lang='lat' dir='ltr'>characteristica</span> <span class='ocrx_word' id='word_1_16' title='bbox 849 657 943 735; x_wconf 86' lang='lat' dir='ltr'>hujus</span> <span class='ocrx_word' id='word_1_17' title='bbox 962 652 1069 718; x_wconf 82' lang='lat' dir='ltr'><strong>morbi</strong></span> <span class='ocrx_word' id='word_1_18' title='bbox 1093 658 1219 717; x_wconf 88' lang='lat' dir='ltr'>formae</span> <span class='ocrx_word' id='word_1_19' title='bbox 1241 678 1294 717; x_wconf 88' lang='lat' dir='ltr'>re-</span> 
     </span>
     <span class='ocr_line' id='line_1_4' title="bbox 249 748 1295 833; baseline -0.004 -19"><span class='ocrx_word' id='word_1_20' title='bbox 249 774 327 833; x_wconf 84' lang='lat' dir='ltr'>apse</span> <span class='ocrx_word' id='word_1_21' title='bbox 348 753 489 821; x_wconf 61' lang='lat' dir='ltr'>eludam</span> <span class='ocrx_word' id='word_1_22' title='bbox 494 773 566 812; x_wconf 89' lang='lat' dir='ltr'>cum</span> <span class='ocrx_word' id='word_1_23' title='bbox 588 752 851 811; x_wconf 78' lang='lat' dir='ltr'>indeterminatas</span> <span class='ocrx_word' id='word_1_24' title='bbox 873 770 910 808; x_wconf 84' lang='lat' dir='ltr'>ac</span> <span class='ocrx_word' id='word_1_25' title='bbox 923 750 1110 809; x_wconf 75' lang='lat' dir='ltr'>vacillantes</span> <span class='ocrx_word' id='word_1_26' title='bbox 1130 748 1295 810; x_wconf 84' lang='lat' dir='ltr'>definitio·</span> 
     </span>
     <span class='ocr_line' id='line_1_5' title="bbox 246 841 1292 921; baseline -0.009 -12"><span class='ocrx_word' id='word_1_27' title='bbox 246 865 307 909; x_wconf 86' lang='lat' dir='ltr'>nes</span> <span class='ocrx_word' id='word_1_28' title='bbox 335 844 488 906; x_wconf 87' lang='lat' dir='ltr'>trichiasis</span> <span class='ocrx_word' id='word_1_29' title='bbox 519 850 611 919; x_wconf 84' lang='lat' dir='ltr'>certis</span> <span class='ocrx_word' id='word_1_30' title='bbox 640 865 677 903; x_wconf 86' lang='lat' dir='ltr'>ac</span> <span class='ocrx_word' id='word_1_31' title='bbox 703 844 857 903; x_wconf 88' lang='lat' dir='ltr'>distinctis</span> <span class='ocrx_word' id='word_1_32' title='bbox 884 856 1138 913; x_wconf 76' lang='lat' dir='ltr'>commutamus,</span> <span class='ocrx_word' id='word_1_33' title='bbox 1169 841 1292 921; x_wconf 84' lang='lat' dir='ltr'>quibus</span> 
     </span>
     <span class='ocr_line' id='line_1_6' title="bbox 246 933 1295 1013; baseline -0.01 -13"><span class='ocrx_word' id='word_1_34' title='bbox 246 937 343 1000; x_wconf 81' lang='lat' dir='ltr'>simul</span> <span class='ocrx_word' id='word_1_35' title='bbox 369 935 553 1011; x_wconf 87' lang='lat' dir='ltr'>obtinetur,</span> <span class='ocrx_word' id='word_1_36' title='bbox 583 950 619 995; x_wconf 91' lang='lat' dir='ltr'>ut</span> <span class='ocrx_word' id='word_1_37' title='bbox 644 942 749 996; x_wconf 89' lang='lat' dir='ltr'>omnis</span> <span class='ocrx_word' id='word_1_38' title='bbox 774 933 981 1007; x_wconf 85' lang='lat' dir='ltr'>morborum,</span> <span class='ocrx_word' id='word_1_39' title='bbox 1012 933 1295 1013; x_wconf 25' lang='lat' dir='ltr'>quoad-formam</span> 
     </span>
     <span class='ocr_line' id='line_1_7' title="bbox 245 1026 1293 1108; baseline -0.009 -16"><span class='ocrx_word' id='word_1_40' title='bbox 245 1030 310 1092; x_wconf 84' lang='lat' dir='ltr'>sibi</span> <span class='ocrx_word' id='word_1_41' title='bbox 328 1029 497 1101; x_wconf 73' lang='lat' dir='ltr'>similium,</span> <span class='ocrx_word' id='word_1_42' title='bbox 512 1035 556 1088; x_wconf 92' lang='lat' dir='ltr'>in</span> <span class='ocrx_word' id='word_1_43' title='bbox 577 1032 650 1089; x_wconf 86' lang='lat' dir='ltr'>artis</span> <span class='ocrx_word' id='word_1_44' title='bbox 667 1042 699 1090; x_wconf 92' lang='lat' dir='ltr'>et</span> <span class='ocrx_word' id='word_1_45' title='bbox 714 1047 886 1108; x_wconf 85' lang='lat' dir='ltr'>aegrorum</span> <span class='ocrx_word' id='word_1_46' title='bbox 907 1026 1139 1087; x_wconf 88' lang='lat' dir='ltr'>detrimentum</span> <span class='ocrx_word' id='word_1_47' title='bbox 1156 1044 1293 1104; x_wconf 86' lang='lat' dir='ltr'>permn-</span> 
     </span>
     <span class='ocr_line' id='line_1_8' title="bbox 244 1127 1021 1201; baseline -0.012 -19"><span class='ocrx_word' id='word_1_48' title='bbox 244 1127 327 1183; x_wconf 86' lang='lat' dir='ltr'>tatio</span> <span class='ocrx_word' id='word_1_49' title='bbox 347 1136 588 1201; x_wconf 84' lang='lat' dir='ltr'>praecaveatur.</span> <span class='ocrx_word' id='word_1_50' title='bbox 1018 1168 1021 1173; x_wconf 19' lang='lat' dir='ltr'>a</span> 
     </span>
    </p>

    <p class='ocr_par' dir='ltr' id='par_1_3' title="bbox 322 1188 1291 1293">
     <span class='ocr_line' id='line_1_9' title="bbox 322 1188 1291 1293; baseline -0.006 -19"><span class='ocrx_word' id='word_1_51' title='bbox 322 1214 395 1293; x_wconf 87' lang='lat' dir='ltr'>Qua</span> <span class='ocrx_word' id='word_1_52' title='bbox 420 1234 514 1276; x_wconf 86' lang='lat' dir='ltr'>causa</span> <span class='ocrx_word' id='word_1_53' title='bbox 537 1227 660 1275; x_wconf 80' lang='lat' dir='ltr'>remote</span> <span class='ocrx_word' id='word_1_54' title='bbox 688 1211 854 1293; x_wconf 80' lang='lat' dir='ltr'>quaelibet</span> <span class='ocrx_word' id='word_1_55' title='bbox 878 1205 1091 1272; x_wconf 84' lang='lat' dir='ltr'>inflammatio</span> <span class='ocrx_word' id='word_1_56' title='bbox 1119 1188 1291 1282; x_wconf 78' lang='lat' dir='ltr'>chronica,</span> 
     </span>
    </p>

    <p class='ocr_par' dir='ltr' id='par_1_4' title="bbox 198 1299 1293 3038">
     <span class='ocr_line' id='line_1_10' title="bbox 241 1299 1293 1388; baseline -0.008 -20"><span class='ocrx_word' id='word_1_57' title='bbox 241 1305 462 1388; x_wconf 84' lang='lat' dir='ltr'>parenchyma</span> <span class='ocrx_word' id='word_1_58' title='bbox 489 1304 719 1385; x_wconf 76' lang='lat' dir='ltr'>palpebrarum</span> <span class='ocrx_word' id='word_1_59' title='bbox 747 1303 910 1376; x_wconf 84' lang='lat' dir='ltr'>afficiens,</span> <span class='ocrx_word' id='word_1_60' title='bbox 944 1300 1097 1377; x_wconf 86' lang='lat' dir='ltr'>habenda</span> <span class='ocrx_word' id='word_1_61' title='bbox 1116 1317 1188 1388; x_wconf 85' lang='lat' dir='ltr'>est;</span> <span class='ocrx_word' id='word_1_62' title='bbox 1227 1299 1293 1361; x_wconf 87' lang='lat' dir='ltr'>hac</span> 
     </span>
     <span class='ocr_line' id='line_1_11' title="bbox 241 1393 1289 1475; baseline -0.004 -17"><span class='ocrx_word' id='word_1_63' title='bbox 241 1403 333 1458; x_wconf 81' lang='lat' dir='ltr'>enim</span> <span class='ocrx_word' id='word_1_64' title='bbox 349 1395 626 1471; x_wconf 84' lang='lat' dir='ltr'>inflammatione</span> <span class='ocrx_word' id='word_1_65' title='bbox 617 1399 876 1470; x_wconf 77' lang='lat' dir='ltr'>intumescentia,</span> <span class='ocrx_word' id='word_1_66' title='bbox 891 1395 1068 1471; x_wconf 77' lang='lat' dir='ltr'>induratio,</span> <span class='ocrx_word' id='word_1_67' title='bbox 1077 1393 1289 1475; x_wconf 81' lang='lat' dir='ltr'>exulceratio,</span> 
     </span>
     <span class='ocr_line' id='line_1_12' title="bbox 242 1470 1288 1567; baseline -0.002 -20"><span class='ocrx_word' id='word_1_68' title='bbox 242 1492 438 1548; x_wconf 82' lang='lat' dir='ltr'>cicatrisatio</span> <span class='ocrx_word' id='word_1_69' title='bbox 467 1502 505 1547; x_wconf 91' lang='lat' dir='ltr'>et</span> <span class='ocrx_word' id='word_1_70' title='bbox 524 1492 569 1546; x_wconf 87' lang='lat' dir='ltr'>sic</span> <span class='ocrx_word' id='word_1_71' title='bbox 597 1506 696 1565; x_wconf 89' lang='lat' dir='ltr'>porro</span> <span class='ocrx_word' id='word_1_72' title='bbox 723 1490 758 1545; x_wconf 90' lang='lat' dir='ltr'>in</span> <span class='ocrx_word' id='word_1_73' title='bbox 785 1490 1016 1567; x_wconf 82' lang='lat' dir='ltr'>integumentis</span> <span class='ocrx_word' id='word_1_74' title='bbox 1043 1470 1288 1553; x_wconf 80' lang='lat' dir='ltr'>communibus,</span> 
     </span>
     <span class='ocr_line' id='line_1_13' title="bbox 241 1576 1289 1660; baseline 0 -23"><span class='ocrx_word' id='word_1_75' title='bbox 241 1591 332 1639; x_wconf 79' lang='lat' dir='ltr'>textu</span> <span class='ocrx_word' id='word_1_76' title='bbox 353 1577 511 1639; x_wconf 88' lang='lat' dir='ltr'>celluloso</span> <span class='ocrx_word' id='word_1_77' title='bbox 529 1583 710 1660; x_wconf 77' lang='lat' dir='ltr'>marginum</span> <span class='ocrx_word' id='word_1_78' title='bbox 724 1576 981 1655; x_wconf 83' lang='lat' dir='ltr'>palpebralium,</span> <span class='ocrx_word' id='word_1_79' title='bbox 1002 1577 1110 1638; x_wconf 87' lang='lat' dir='ltr'>bulbis</span> <span class='ocrx_word' id='word_1_80' title='bbox 1127 1576 1289 1651; x_wconf 88' lang='lat' dir='ltr'>ciliorum,</span> 
     </span>
     <span class='ocr_line' id='line_1_14' title="bbox 243 1668 1290 1751; baseline -0.002 -21"><span class='ocrx_word' id='word_1_81' title='bbox 243 1673 280 1730; x_wconf 86' lang='lat' dir='ltr'>in</span> <span class='ocrx_word' id='word_1_82' title='bbox 301 1669 462 1751; x_wconf 80' lang='lat' dir='ltr'>glandulis</span> <span class='ocrx_word' id='word_1_83' title='bbox 482 1668 707 1729; x_wconf 84' lang='lat' dir='ltr'>meibomianis</span> <span class='ocrx_word' id='word_1_84' title='bbox 729 1688 906 1747; x_wconf 85' lang='lat' dir='ltr'>earumque</span> <span class='ocrx_word' id='word_1_85' title='bbox 931 1668 1081 1730; x_wconf 86' lang='lat' dir='ltr'>ductibus</span> <span class='ocrx_word' id='word_1_86' title='bbox 1102 1673 1290 1728; x_wconf 83' lang='lat' dir='ltr'>excretoriis</span> 
     </span>
     <span class='ocr_line' id='line_1_15' title="bbox 239 1757 1292 1842; baseline 0.005 -21.813"><span class='ocrx_word' id='word_1_87' title='bbox 239 1764 455 1842; x_wconf 80' lang='lat' dir='ltr'>producitur,</span> <span class='ocrx_word' id='word_1_88' title='bbox 479 1780 544 1839; x_wconf 91' lang='lat' dir='ltr'>quo</span> <span class='ocrx_word' id='word_1_89' title='bbox 564 1757 617 1834; x_wconf 88' lang='lat' dir='ltr'>fit,</span> <span class='ocrx_word' id='word_1_90' title='bbox 640 1775 677 1820; x_wconf 92' lang='lat' dir='ltr'>ut</span> <span class='ocrx_word' id='word_1_91' title='bbox 697 1759 787 1833; x_wconf 90' lang='lat' dir='ltr'>cilia,</span> <span class='ocrx_word' id='word_1_92' title='bbox 808 1780 893 1840; x_wconf 88' lang='lat' dir='ltr'>quae</span> <span class='ocrx_word' id='word_1_93' title='bbox 913 1776 1031 1840; x_wconf 87' lang='lat' dir='ltr'>sponte</span> <span class='ocrx_word' id='word_1_94' title='bbox 1050 1766 1086 1821; x_wconf 91' lang='lat' dir='ltr'>in</span> <span class='ocrx_word' id='word_1_95' title='bbox 1108 1765 1292 1825; x_wconf 80' lang='lat' dir='ltr'>excisorum</span> 
     </span>
     <span class='ocr_line' id='line_1_16' title="bbox 241 1851 1291 1935; baseline 0 -21"><span class='ocrx_word' id='word_1_96' title='bbox 241 1852 354 1914; x_wconf 87' lang='lat' dir='ltr'>locum</span> <span class='ocrx_word' id='word_1_97' title='bbox 381 1866 604 1935; x_wconf 87' lang='lat' dir='ltr'>succrescunt,</span> <span class='ocrx_word' id='word_1_98' title='bbox 633 1872 650 1911; x_wconf 85' lang='lat' dir='ltr'>a</span> <span class='ocrx_word' id='word_1_99' title='bbox 676 1857 802 1913; x_wconf 87' lang='lat' dir='ltr'>tramite</span> <span class='ocrx_word' id='word_1_100' title='bbox 828 1853 968 1918; x_wconf 79' lang='lat' dir='ltr'>normali</span> <span class='ocrx_word' id='word_1_101' title='bbox 995 1851 1227 1927; x_wconf 84' lang='lat' dir='ltr'>deflectantur,</span> <span class='ocrx_word' id='word_1_102' title='bbox 1257 1867 1291 1914; x_wconf 87' lang='lat' dir='ltr'>et</span> 
     </span>
     <span class='ocr_line' id='line_1_17' title="bbox 243 1941 1290 2035; baseline -0.002 -28"><span class='ocrx_word' id='word_1_103' title='bbox 243 1945 287 2007; x_wconf 85' lang='lat' dir='ltr'>ad</span> <span class='ocrx_word' id='word_1_104' title='bbox 313 1945 527 2027; x_wconf 82' lang='lat' dir='ltr'>directionem</span> <span class='ocrx_word' id='word_1_105' title='bbox 558 1947 703 2011; x_wconf 85' lang='lat' dir='ltr'>vitiatam</span> <span class='ocrx_word' id='word_1_106' title='bbox 738 1942 917 2029; x_wconf 86' lang='lat' dir='ltr'>oculoque</span> <span class='ocrx_word' id='word_1_107' title='bbox 936 1941 1090 2035; x_wconf 79' lang='lat' dir='ltr'>morbose</span> <span class='ocrx_word' id='word_1_108' title='bbox 1116 1942 1290 2008; x_wconf 83' lang='lat' dir='ltr'>obversam</span> 
     </span>
     <span class='ocr_line' id='line_1_18' title="bbox 239 2039 441 2121; baseline -0.016 -19"><span class='ocrx_word' id='word_1_109' title='bbox 239 2039 441 2121; x_wconf 83' lang='lat' dir='ltr'>redigantur.</span> 
     </span>
     <span class='ocr_line' id='line_1_19' title="bbox 226 2094 1290 2212; baseline -0.002 -22"><span class='ocrx_word' id='word_1_110' title='bbox 226 2190 242 2198; x_wconf 67' lang='grc'>,,</span> <span class='ocrx_word' id='word_1_111' title='bbox 317 2134 351 2190; x_wconf 89' lang='lat' dir='ltr'>Si</span> <span class='ocrx_word' id='word_1_112' title='bbox 370 2135 489 2197; x_wconf 81' lang='lat' dir='ltr'>nocivo</span> <span class='ocrx_word' id='word_1_113' title='bbox 510 2127 623 2191; x_wconf 88' lang='lat' dir='ltr'>harum</span> <span class='ocrx_word' id='word_1_114' title='bbox 638 2150 805 2191; x_wconf 86' lang='lat' dir='ltr'>causarum</span> <span class='ocrx_word' id='word_1_115' title='bbox 824 2120 1003 2191; x_wconf 67' lang='lat' dir='ltr'>initurum</span> <span class='ocrx_word' id='word_1_116' title='bbox 1012 2094 1167 2210; x_wconf 82' lang='lat' dir='ltr'>margine</span> <span class='ocrx_word' id='word_1_117' title='bbox 1185 2126 1290 2212; x_wconf 81' lang='lat' dir='ltr'>ciliari</span> 
     </span>
     <span class='ocr_line' id='line_1_20' title="bbox 238 2220 1289 2300; baseline -0.003 -21"><span class='ocrx_word' id='word_1_118' title='bbox 238 2221 316 2300; x_wconf 85' lang='lat' dir='ltr'>pili,</span> <span class='ocrx_word' id='word_1_119' title='bbox 344 2235 533 2280; x_wconf 81' lang='lat' dir='ltr'>aureorum</span> <span class='ocrx_word' id='word_1_120' title='bbox 554 2223 697 2294; x_wconf 79' lang='lat' dir='ltr'>radices,</span> <span class='ocrx_word' id='word_1_121' title='bbox 725 2220 826 2280; x_wconf 84' lang='lat' dir='ltr'>semel</span> <span class='ocrx_word' id='word_1_122' title='bbox 847 2240 866 2278; x_wconf 90' lang='lat' dir='ltr'>e</span> <span class='ocrx_word' id='word_1_123' title='bbox 885 2225 948 2279; x_wconf 88' lang='lat' dir='ltr'>situ</span> <span class='ocrx_word' id='word_1_124' title='bbox 973 2220 1113 2283; x_wconf 79' lang='lat' dir='ltr'>normali</span> <span class='ocrx_word' id='word_1_125' title='bbox 1138 2237 1289 2279; x_wconf 89' lang='lat' dir='ltr'>remove·</span> 
     </span>
     <span class='ocr_line' id='line_1_21' title="bbox 240 2298 1289 2401; baseline 0.002 -32"><span class='ocrx_word' id='word_1_126' title='bbox 240 2325 355 2381; x_wconf 89' lang='lat' dir='ltr'>antur,</span> <span class='ocrx_word' id='word_1_127' title='bbox 384 2323 416 2367; x_wconf 89' lang='lat' dir='ltr'>et</span> <span class='ocrx_word' id='word_1_128' title='bbox 443 2309 483 2367; x_wconf 89' lang='lat' dir='ltr'>ad</span> <span class='ocrx_word' id='word_1_129' title='bbox 503 2309 689 2369; x_wconf 85' lang='lat' dir='ltr'>morbosam</span> <span class='ocrx_word' id='word_1_130' title='bbox 717 2298 973 2388; x_wconf 81' lang='lat' dir='ltr'>perforationem</span> <span class='ocrx_word' id='word_1_131' title='bbox 1001 2317 1081 2371; x_wconf 90' lang='lat' dir='ltr'>cutis</span> <span class='ocrx_word' id='word_1_132' title='bbox 1108 2326 1289 2401; x_wconf 78' lang='lat' dir='ltr'>cogantur,</span> 
     </span>
     <span class='ocr_line' id='line_1_22' title="bbox 239 2399 1289 2487; baseline 0.002 -26"><span class='ocrx_word' id='word_1_133' title='bbox 239 2401 414 2467; x_wconf 86' lang='lat' dir='ltr'>morbosus</span> <span class='ocrx_word' id='word_1_134' title='bbox 435 2419 548 2459; x_wconf 87' lang='lat' dir='ltr'>eorum</span> <span class='ocrx_word' id='word_1_135' title='bbox 575 2402 652 2459; x_wconf 86' lang='lat' dir='ltr'>situs</span> <span class='ocrx_word' id='word_1_136' title='bbox 673 2414 771 2479; x_wconf 86' lang='lat' dir='ltr'>atque</span> <span class='ocrx_word' id='word_1_137' title='bbox 791 2399 927 2487; x_wconf 76' lang='lat' dir='ltr'>directip</span> <span class='ocrx_word' id='word_1_138' title='bbox 949 2401 1101 2462; x_wconf 83' lang='lat' dir='ltr'>omnibus</span> <span class='ocrx_word' id='word_1_139' title='bbox 1128 2407 1203 2462; x_wconf 86' lang='lat' dir='ltr'>artis</span> <span class='ocrx_word' id='word_1_140' title='bbox 1232 2423 1289 2463; x_wconf 89' lang='lat' dir='ltr'>co-</span> 
     </span>
     <span class='ocr_line' id='line_1_23' title="bbox 239 2476 1289 2590; baseline 0.003 -39"><span class='ocrx_word' id='word_1_141' title='bbox 239 2489 428 2557; x_wconf 77' lang='lat' dir='ltr'>nominibus</span> <span class='ocrx_word' id='word_1_142' title='bbox 447 2494 618 2563; x_wconf 87' lang='lat' dir='ltr'>resistens,</span> <span class='ocrx_word' id='word_1_143' title='bbox 645 2510 716 2550; x_wconf 91' lang='lat' dir='ltr'>non</span> <span class='ocrx_word' id='word_1_144' title='bbox 742 2490 878 2568; x_wconf 86' lang='lat' dir='ltr'>amplius</span> <span class='ocrx_word' id='word_1_145' title='bbox 900 2476 942 2551; x_wconf 78' lang='lat' dir='ltr'>ad</span> <span class='ocrx_word' id='word_1_146' title='bbox 960 2494 1141 2553; x_wconf 76' lang='lat' dir='ltr'>normalem</span> <span class='ocrx_word' id='word_1_147' title='bbox 1164 2494 1289 2590; x_wconf 85' lang='lat' dir='ltr'>redigi·</span> 
     </span>
     <span class='ocr_line' id='line_1_24' title="bbox 239 2576 1285 2661; baseline 0.002 -18"><span class='ocrx_word' id='word_1_148' title='bbox 239 2576 295 2643; x_wconf 80' lang='lat' dir='ltr'>¹tur</span> <span class='ocrx_word' id='word_1_149' title='bbox 320 2581 476 2657; x_wconf 81' lang='lat' dir='ltr'>formam,</span> <span class='ocrx_word' id='word_1_150' title='bbox 510 2581 587 2641; x_wconf 87' lang='lat' dir='ltr'>licet</span> <span class='ocrx_word' id='word_1_151' title='bbox 612 2581 663 2642; x_wconf 89' lang='lat' dir='ltr'>vel</span> <span class='ocrx_word' id='word_1_152' title='bbox 692 2595 827 2661; x_wconf 87' lang='lat' dir='ltr'>sponte</span> <span class='ocrx_word' id='word_1_153' title='bbox 838 2580 987 2643; x_wconf 87' lang='lat' dir='ltr'>excidant</span> <span class='ocrx_word' id='word_1_154' title='bbox 1014 2584 1105 2658; x_wconf 89' lang='lat' dir='ltr'>cilia,</span> <span class='ocrx_word' id='word_1_155' title='bbox 1135 2582 1206 2644; x_wconf 90' lang='lat' dir='ltr'>vel</span> <span class='ocrx_word' id='word_1_156' title='bbox 1215 2602 1285 2646; x_wconf 88' lang='lat' dir='ltr'>erte</span> 
     </span>
     <span class='ocr_line' id='line_1_25' title="bbox 237 2668 1287 2763; baseline 0.001 -27"><span class='ocrx_word' id='word_1_157' title='bbox 237 2668 440 2748; x_wconf 82' lang='lat' dir='ltr'>evellantur,</span> <span class='ocrx_word' id='word_1_158' title='bbox 474 2693 574 2754; x_wconf 87' lang='lat' dir='ltr'>quare</span> <span class='ocrx_word' id='word_1_159' title='bbox 596 2693 634 2737; x_wconf 82' lang='lat' dir='ltr'>ex</span> <span class='ocrx_word' id='word_1_160' title='bbox 645 2670 832 2763; x_wconf 78' lang='lat' dir='ltr'>rationibus</span> <span class='ocrx_word' id='word_1_161' title='bbox 852 2693 926 2733; x_wconf 87' lang='lat' dir='ltr'>mox</span> <span class='ocrx_word' id='word_1_162' title='bbox 947 2673 1077 2755; x_wconf 81' lang='lat' dir='ltr'>allatis,</span> <span class='ocrx_word' id='word_1_163' title='bbox 1099 2690 1131 2735; x_wconf 90' lang='lat' dir='ltr'>et</span> <span class='ocrx_word' id='word_1_164' title='bbox 1149 2679 1287 2756; x_wconf 87' lang='lat' dir='ltr'>insuper</span> 
     </span>
     <span class='ocr_line' id='line_1_26' title="bbox 235 2744 1284 2851; baseline 0.002 -24"><span class='ocrx_word' id='word_1_165' title='bbox 235 2768 342 2827; x_wconf 76' lang='lat' dir='ltr'>forma</span> <span class='ocrx_word' id='word_1_166' title='bbox 366 2789 404 2828; x_wconf 86' lang='lat' dir='ltr'>ac</span> <span class='ocrx_word' id='word_1_167' title='bbox 428 2770 492 2826; x_wconf 89' lang='lat' dir='ltr'>situ</span> <span class='ocrx_word' id='word_1_168' title='bbox 520 2770 595 2825; x_wconf 86' lang='lat' dir='ltr'>tarsi</span> <span class='ocrx_word' id='word_1_169' title='bbox 617 2772 838 2845; x_wconf 86' lang='lat' dir='ltr'>marginisque</span> <span class='ocrx_word' id='word_1_170' title='bbox 860 2744 1090 2845; x_wconf 73' lang='lat' dir='ltr'>palpebrarum</span> <span class='ocrx_word' id='word_1_171' title='bbox 1117 2788 1136 2826; x_wconf 92' lang='lat' dir='ltr'>a</span> <span class='ocrx_word' id='word_1_172' title='bbox 1163 2788 1284 2851; x_wconf 64' lang='lat' dir='ltr'>norme</span> 
     </span>
     <span class='ocr_line' id='line_1_27' title="bbox 237 2855 1282 2935; baseline -0.001 -14"><span class='ocrx_word' id='word_1_173' title='bbox 237 2874 309 2927; x_wconf 80' lang='lat' dir='ltr'>:non</span> <span class='ocrx_word' id='word_1_174' title='bbox 330 2857 580 2929; x_wconf 87' lang='lat' dir='ltr'>abludentibus,</span> <span class='ocrx_word' id='word_1_175' title='bbox 603 2858 738 2917; x_wconf 89' lang='lat' dir='ltr'>directio</span> <span class='ocrx_word' id='word_1_176' title='bbox 761 2857 910 2917; x_wconf 87' lang='lat' dir='ltr'>ciliorum</span> <span class='ocrx_word' id='word_1_177' title='bbox 927 2855 1110 2920; x_wconf 86' lang='lat' dir='ltr'>morbosa</span> <span class='ocrx_word' id='word_1_178' title='bbox 1100 2873 1282 2935; x_wconf 76' lang='lat' dir='ltr'>immutata,</span> 
     </span>
     <span class='ocr_line' id='line_1_28' title="bbox 236 2948 909 3038; baseline -0.006 -27"><span class='ocrx_word' id='word_1_179' title='bbox 236 2962 273 3011; x_wconf 74' lang='lat' dir='ltr'>et</span> <span class='ocrx_word' id='word_1_180' title='bbox 292 2967 364 3012; x_wconf 89' lang='lat' dir='ltr'>non</span> <span class='ocrx_word' id='word_1_181' title='bbox 383 2948 520 3027; x_wconf 85' lang='lat' dir='ltr'>amplius</span> <span class='ocrx_word' id='word_1_182' title='bbox 543 2949 737 3038; x_wconf 85' lang='lat' dir='ltr'>corrigenda</span> <span class='ocrx_word' id='word_1_183' title='bbox 755 2948 909 3014; x_wconf 82' lang='lat' dir='ltr'>manebit.</span> 
     </span>
    </p>
   </div>
   <div class='ocr_carea' id='block_1_3' title="bbox 378 3143 1142 3218">
    <p class='ocr_par' dir='ltr' id='par_1_5' title="bbox 378 3143 1142 3218">
     <span class='ocr_line' id='line_1_29' title="bbox 378 3143 1142 3218; baseline 0.001 -4"><span class='ocrx_word' id='word_1_184' title='bbox 378 3143 691 3216; x_wconf 81' lang='lat' dir='ltr'>Distichiasis</span> <span class='ocrx_word' id='word_1_185' title='bbox 725 3146 801 3218; x_wconf 84' lang='lat' dir='ltr'>sive</span> <span class='ocrx_word' id='word_1_186' title='bbox 838 3143 1142 3217; x_wconf 83' lang='lat' dir='ltr'>Distichosis.</span> 
     </span>
    </p>
   </div>
   <div class='ocr_carea' id='block_1_4' title="bbox 230 3286 1282 3819">
    <p class='ocr_par' dir='ltr' id='par_1_6' title="bbox 230 3286 1282 3819">
     <span class='ocr_line' id='line_1_30' title="bbox 312 3286 1282 3373; baseline 0.007 -24"><span class='ocrx_word' id='word_1_187' title='bbox 312 3286 380 3349; x_wconf 82' lang='lat' dir='ltr'>Sub</span> <span class='ocrx_word' id='word_1_188' title='bbox 402 3286 465 3349; x_wconf 90' lang='lat' dir='ltr'>hoc</span> <span class='ocrx_word' id='word_1_189' title='bbox 491 3294 625 3350; x_wconf 89' lang='lat' dir='ltr'>nomine</span> <span class='ocrx_word' id='word_1_190' title='bbox 651 3288 707 3350; x_wconf 88' lang='lat' dir='ltr'>illa</span> <span class='ocrx_word' id='word_1_191' title='bbox 732 3291 886 3353; x_wconf 88' lang='lat' dir='ltr'>morbosa</span> <span class='ocrx_word' id='word_1_192' title='bbox 911 3289 1141 3371; x_wconf 76' lang='lat' dir='ltr'>palpebrarum</span> <span class='ocrx_word' id='word_1_193' title='bbox 1168 3294 1282 3373; x_wconf 87' lang='lat' dir='ltr'>quoad</span> 
     </span>
     <span class='ocr_line' id='line_1_31' title="bbox 235 3379 1282 3463; baseline 0.007 -22"><span class='ocrx_word' id='word_1_194' title='bbox 235 3379 376 3442; x_wconf 69' lang='lat' dir='ltr'>formam</span> <span class='ocrx_word' id='word_1_195' title='bbox 402 3380 549 3441; x_wconf 85' lang='lat' dir='ltr'>conditio</span> <span class='ocrx_word' id='word_1_196' title='bbox 577 3386 681 3455; x_wconf 87' lang='lat' dir='ltr'>venit,</span> <span class='ocrx_word' id='word_1_197' title='bbox 709 3402 774 3463; x_wconf 91' lang='lat' dir='ltr'>qua</span> <span class='ocrx_word' id='word_1_198' title='bbox 799 3382 920 3463; x_wconf 83' lang='lat' dir='ltr'>duplex</span> <span class='ocrx_word' id='word_1_199' title='bbox 945 3382 1093 3449; x_wconf 85' lang='lat' dir='ltr'>ciliorum</span> <span class='ocrx_word' id='word_1_200' title='bbox 1120 3389 1218 3444; x_wconf 83' lang='lat' dir='ltr'>series</span> <span class='ocrx_word' id='word_1_201' title='bbox 1244 3392 1282 3448; x_wconf 88' lang='lat' dir='ltr'>in</span> 
     </span>
     <span class='ocr_line' id='line_1_32' title="bbox 234 3473 1281 3555; baseline 0.005 -21"><span class='ocrx_word' id='word_1_202' title='bbox 234 3478 382 3555; x_wconf 77' lang='lat' dir='ltr'>margine</span> <span class='ocrx_word' id='word_1_203' title='bbox 408 3473 638 3552; x_wconf 77' lang='lat' dir='ltr'>palpebrarum</span> <span class='ocrx_word' id='word_1_204' title='bbox 665 3479 824 3548; x_wconf 87' lang='lat' dir='ltr'>occurrit,</span> <span class='ocrx_word' id='word_1_205' title='bbox 855 3494 991 3554; x_wconf 87' lang='lat' dir='ltr'>quarum</span> <span class='ocrx_word' id='word_1_206' title='bbox 1017 3493 1102 3548; x_wconf 86' lang='lat' dir='ltr'>una,</span> <span class='ocrx_word' id='word_1_207' title='bbox 1131 3495 1217 3555; x_wconf 86' lang='lat' dir='ltr'>quae</span> <span class='ocrx_word' id='word_1_208' title='bbox 1244 3482 1281 3539; x_wconf 91' lang='lat' dir='ltr'>in</span> 
     </span>
     <span class='ocr_line' id='line_1_33' title="bbox 230 3563 1281 3653; baseline 0.004 -29"><span class='ocrx_word' id='word_1_209' title='bbox 230 3564 339 3653; x_wconf 62' lang='grc' dir='ltr'>ξιιιιὶιο</span> <span class='ocrx_word' id='word_1_210' title='bbox 358 3578 490 3626; x_wconf 86' lang='lat' dir='ltr'>externo</span> <span class='ocrx_word' id='word_1_211' title='bbox 509 3563 782 3646; x_wconf 80' lang='lat' dir='ltr'>deprehenditur,</span> <span class='ocrx_word' id='word_1_212' title='bbox 805 3585 953 3626; x_wconf 86' lang='lat' dir='ltr'>anorma</span> <span class='ocrx_word' id='word_1_213' title='bbox 972 3570 1109 3628; x_wconf 88' lang='lat' dir='ltr'>omnino</span> <span class='ocrx_word' id='word_1_214' title='bbox 1130 3584 1202 3627; x_wconf 88' lang='lat' dir='ltr'>non</span> <span class='ocrx_word' id='word_1_215' title='bbox 1223 3567 1281 3628; x_wconf 84' lang='lat' dir='ltr'>ab·</span> 
     </span>
     <span class='ocr_line' id='line_1_34' title="bbox 234 3655 1282 3738; baseline 0.01 -24"><span class='ocrx_word' id='word_1_216' title='bbox 234 3664 339 3725; x_wconf 64' lang='lat' dir='ltr'>erran</span> <span class='ocrx_word' id='word_1_217' title='bbox 361 3656 461 3717; x_wconf 86' lang='lat' dir='ltr'>altera</span> <span class='ocrx_word' id='word_1_218' title='bbox 474 3676 549 3717; x_wconf 85' lang='lat' dir='ltr'>vero</span> <span class='ocrx_word' id='word_1_219' title='bbox 568 3655 648 3717; x_wconf 84' lang='lat' dir='ltr'>ciliis</span> <span class='ocrx_word' id='word_1_220' title='bbox 664 3660 799 3736; x_wconf 71' lang='lat' dir='ltr'>spuriis,</span> <span class='ocrx_word' id='word_1_221' title='bbox 820 3677 879 3718; x_wconf 91' lang='lat' dir='ltr'>seu</span> <span class='ocrx_word' id='word_1_222' title='bbox 900 3657 1109 3738; x_wconf 84' lang='lat' dir='ltr'>pseudociliis</span> <span class='ocrx_word' id='word_1_223' title='bbox 1128 3656 1282 3732; x_wconf 76' lang='lat' dir='ltr'>morbosa</span> 
     </span>
     <span class='ocr_line' id='line_1_35' title="bbox 233 3746 923 3819; baseline -0.003 -9"><span class='ocrx_word' id='word_1_224' title='bbox 233 3765 294 3810; x_wconf 82' lang='lat' dir='ltr'>tua</span> <span class='ocrx_word' id='word_1_225' title='bbox 313 3748 494 3810; x_wconf 81' lang='lat' dir='ltr'>directione</span> <span class='ocrx_word' id='word_1_226' title='bbox 514 3747 651 3808; x_wconf 85' lang='lat' dir='ltr'>bulbum</span> <span class='ocrx_word' id='word_1_227' title='bbox 670 3748 759 3811; x_wconf 84' lang='lat' dir='ltr'>oculi</span> <span class='ocrx_word' id='word_1_228' title='bbox 776 3746 923 3819; x_wconf 85' lang='lat' dir='ltr'>offendit.</span> 
     </span>
    </p>
   </div>
   <div class='ocr_carea' id='block_1_5' title="bbox 233 3845 1282 4214">
    <p class='ocr_par' dir='ltr' id='par_1_7' title="bbox 233 3845 1282 4214">
     <span class='ocr_line' id='line_1_36' title="bbox 311 3845 1282 3942; baseline 0.007 -26"><span class='ocrx_word' id='word_1_229' title='bbox 311 3857 490 3917; x_wconf 68' lang='lat' dir='ltr'>ductorum</span> <span class='ocrx_word' id='word_1_230' title='bbox 516 3874 641 3919; x_wconf 88' lang='lat' dir='ltr'>mentes</span> <span class='ocrx_word' id='word_1_231' title='bbox 670 3845 781 3940; x_wconf 78' lang='lat' dir='ltr'>magis</span> <span class='ocrx_word' id='word_1_232' title='bbox 798 3857 905 3920; x_wconf 83' lang='lat' dir='ltr'>adhuc</span> <span class='ocrx_word' id='word_1_233' title='bbox 931 3856 1015 3920; x_wconf 77' lang='lat' dir='ltr'>circa</span> <span class='ocrx_word' id='word_1_234' title='bbox 1044 3857 1145 3933; x_wconf 87' lang='lat' dir='ltr'>hanc,</span> <span class='ocrx_word' id='word_1_235' title='bbox 1180 3881 1282 3942; x_wconf 89' lang='lat' dir='ltr'>quam</span> 
     </span>
     <span class='ocr_line' id='line_1_37' title="bbox 233 3950 1281 4030; baseline 0.007 -22"><span class='ocrx_word' id='word_1_236' title='bbox 233 3950 380 4030; x_wconf 88' lang='lat' dir='ltr'>priorem</span> <span class='ocrx_word' id='word_1_237' title='bbox 403 3950 468 4027; x_wconf 81' lang='lat' dir='ltr'>jam</span> <span class='ocrx_word' id='word_1_238' title='bbox 490 3953 665 4029; x_wconf 87' lang='lat' dir='ltr'>expositam</span> <span class='ocrx_word' id='word_1_239' title='bbox 684 3951 967 4027; x_wconf 75' lang='lat' dir='ltr'>morbiiormam,</span> <span class='ocrx_word' id='word_1_240' title='bbox 996 3956 1031 4011; x_wconf 86' lang='lat' dir='ltr'>in</span> <span class='ocrx_word' id='word_1_241' title='bbox 1051 3956 1152 4012; x_wconf 88' lang='lat' dir='ltr'>varias</span> <span class='ocrx_word' id='word_1_242' title='bbox 1174 3952 1281 4015; x_wconf 87' lang='lat' dir='ltr'>disce-</span> 
     </span>
     <span class='ocr_line' id='line_1_38' title="bbox 234 4039 1279 4123; baseline 0.004 -22"><span class='ocrx_word' id='word_1_243' title='bbox 234 4039 320 4101; x_wconf 85' lang='lat' dir='ltr'>dunt</span> <span class='ocrx_word' id='word_1_244' title='bbox 339 4046 514 4102; x_wconf 81' lang='lat' dir='ltr'>sententias</span> <span class='ocrx_word' id='word_1_245' title='bbox 523 4085 534 4115; x_wconf 92' lang='lat'>,</span> <span class='ocrx_word' id='word_1_246' title='bbox 561 4047 628 4104; x_wconf 91' lang='lat' dir='ltr'>imo</span> <span class='ocrx_word' id='word_1_247' title='bbox 648 4042 740 4114; x_wconf 85' lang='lat' dir='ltr'>sunt,</span> <span class='ocrx_word' id='word_1_248' title='bbox 770 4046 828 4123; x_wconf 90' lang='lat' dir='ltr'>qui</span> <span class='ocrx_word' id='word_1_249' title='bbox 846 4049 947 4123; x_wconf 90' lang='lat' dir='ltr'>ipsam</span> <span class='ocrx_word' id='word_1_250' title='bbox 968 4043 1063 4122; x_wconf 86' lang='lat' dir='ltr'>hujus</span> <span class='ocrx_word' id='word_1_251' title='bbox 1087 4043 1196 4104; x_wconf 87' lang='lat' dir='ltr'>morbi</span> <span class='ocrx_word' id='word_1_252' title='bbox 1216 4049 1279 4105; x_wconf 86' lang='lat' dir='ltr'>exi·</span> 
     </span>
     <span class='ocr_line' id='line_1_39' title="bbox 235 4132 1282 4214; baseline 0.003 -19"><span class='ocrx_word' id='word_1_253' title='bbox 235 4134 387 4197; x_wconf 81' lang='lat' dir='ltr'>atentiam</span> <span class='ocrx_word' id='word_1_254' title='bbox 413 4132 607 4208; x_wconf 77' lang='lat' dir='ltr'>indubium</span> <span class='ocrx_word' id='word_1_255' title='bbox 632 4148 799 4200; x_wconf 61' lang='lat' dir='ltr'>revocent,</span> <span class='ocrx_word' id='word_1_256' title='bbox 843 4135 915 4199; x_wconf 87' lang='lat' dir='ltr'>Nec</span> <span class='ocrx_word' id='word_1_257' title='bbox 939 4143 1075 4214; x_wconf 79' lang='lat' dir='ltr'>mirmn,</span> <span class='ocrx_word' id='word_1_258' title='bbox 1103 4140 1129 4200; x_wconf 83' lang='lat' dir='ltr'>si</span> <span class='ocrx_word' id='word_1_259' title='bbox 1149 4155 1190 4198; x_wconf 87' lang='lat' dir='ltr'>ex</span> <span class='ocrx_word' id='word_1_260' title='bbox 1214 4156 1282 4199; x_wconf 84' lang='lat' dir='ltr'>una</span> 
     </span>
    </p>
   </div>
   <div class='ocr_carea' id='block_1_6' title="bbox 0 0 1368 4960">
    <p class='ocr_par' dir='ltr' id='par_1_8' title="bbox 0 0 1368 4960">
     <span class='ocr_line' id='line_1_40' title="bbox 0 0 1368 4960; baseline 0 1"><span class='ocrx_word' id='word_1_261' title='bbox 0 0 1368 4960; x_wconf 95' lang='lat' dir='ltr'> </span> 
     </span>
    </p>
   </div>
  </div>
 </body>
</html>
