2728 4960
51 1014 287 1132 Morbomm
304 1069 421 1137 agmen
444 1054 581 1129 ingens,
617 1040 794 1122 praecipue
815 1033 1020 1103 ‚functionem
1044 1039 1077 1084 et

50 1169 229 1221 structuram
249 1158 445 1224 organorum
465 1134 705 1202 infestantium,
732 1123 963 1206 perlustrantes
985 1120 1019 1173 in
1038 1111 1077 1171 il·

50 1251 91 1311 los
107 1265 177 1308 non
194 1235 343 1300 incidere
362 1249 433 1312 non
452 1243 641 1307 possumus,
662 1224 720 1300 qui
733 1214 903 1298 palpebras
921 1205 1076 1274 afficiunt,

52 1357 78 1404 et
93 1340 226 1404 merito,
251 1347 323 1388 cum
344 1321 580 1382 nobilissimum
594 1330 744 1399 organon
766 1330 784 1371 a
801 1286 924 1366 nbcivis
941 1301 1079 1373 externis

52 1428 239 1497 custodiant,
261 1410 422 1495 simulque
442 1416 478 1472 in
494 1415 619 1490 integra
634 1402 722 1466 oculi
738 1400 907 1479 functione
922 1376 1077 1451 influxum

52 1540 199 1586 summum
219 1523 383 1582 exserant,
405 1523 516 1587 neque
537 1519 592 1560 eos
615 1496 657 1556 ad
673 1491 856 1554 levidenses
878 1481 1009 1546 morbos
1026 1498 1078 1539 re·

52 1615 193 1684 ferendos
219 1626 287 1669 esse
314 1600 545 1663 convincimur.
589 1581 888 1673 Mediciauxilium
913 1594 983 1635 non
1007 1587 1078 1630 tan-

53 1725 128 1780 tum,
155 1705 234 1784 quia
254 1713 352 1773 saepe
371 1692 498 1767 saepius
520 1704 584 1765 qua
604 1677 711 1740 morbi
728 1673 872 1754 primarii
891 1677 1078 1735 occurrunt,

54 1808 237 1881 exposcunt,
265 1787 324 1850 sod
344 1781 447 1843 multo
468 1776 670 1856 frequentius
693 1767 826 1831 aliorum
847 1759 1004 1820 malorum
1028 1774 1079 1815 se·

54 1892 172 1974 quelas,
199 1905 260 1945 seu
279 1874 412 1940 morbos
438 1867 647 1930 secundarios
672 1855 842 1924 exhibent,
871 1871 908 1910 ac
927 1847 1079 1910 omnibus

54 1990 118 2046 artis
131 1976 254 2041 auxiliis
269 1969 437 2049 indigent,
458 1974 493 2019 ut
509 1956 606 2019 oculo
621 1955 683 2030 ipsi
697 1952 927 2029 prospiciatur,
950 1954 982 2000 et
996 1938 1081 1997 mala

53 2078 110 2138 lors
126 2067 242 2132 exinde
265 2077 336 2125 orta
357 2061 623 2137 praecaveantur,
644 2061 687 2101 ne
709 2047 750 2101 in‘
762 2035 980 2116 amblyopiam
997 2036 1081 2088 insa·

52 2167 203 2232 nabilem,
225 2158 434 2218 coecitatem,
458 2139 727 2222 defigurationem
746 2132 845 2208 ipsius
868 2123 961 2183 bulbi
981 2119 1080 2192 oculi,

53 2260 102 2327 vsl
121 2241 392 2327 metamorphosin
417 2229 609 2299 scirrhosam
632 2238 688 2284 aut
711 2224 998 2281 carcinomatosam
1025 2209 1083 2270 ab·

54 2364 133 2414 eant.

61 2478 65 2487 ·
121 2436 274 2519 Quamvis
311 2445 359 2487 ars
384 2413 672 2502 ‘ophthalmiatrica
708 2406 826 2475 nostris
867 2394 1082 2478 temporibus,

371 2513 465 2575 nibus
486 2504 681 2564 Germaniae
701 2493 922 2564 medicorum,
952 2489 994 2548 ad
1014 2503 1084 2546 tan·
1164 2525 1166 2529 -

395 2607 524 2684 stigium
543 2606 653 2655 evecta
673 2592 730 2659 sit,
759 2599 796 2643 ut
816 2599 849 2643 et
867 2603 927 2643 nos
934 2623 945 2655 ,
974 2594 1009 2640 et
1025 2582 1084 2636 mi·

428 2692 524 2755 ohors
554 2697 645 2766 grato
678 2683 787 2738 animo
814 2673 945 2733 illorum
966 2671 1086 2748 ⁸merita

54 2538 219 2614 praecipue
241 2522 369 2582 conami

55 2642 115 2693 tum
132 2615 343 2702 perfectionis
364 2608 394 2666 ia

56 2739 117 2780 sera
143 2706 381 2793 aegrotantium
397 2716 425 2757 ,c

57 2813 92 2871 de
113 2808 171 2868 hac
198 2813 292 2881 parte
320 2790 476 2875 scientiae
501 2777 648 2839 medicae
675 2785 851 2852 agnoscere
878 2761 1086 2840 et‘venerari

57 2904 260 2971 debeamusr
278 2900 420 2964 attamen
444 2886 618 2956 propterea
642 2863 736 2925 nullo
759 2858 859 2921 modo
884 2851 1085 2936 negandum,

56 2995 146 3056 multa
167 2983 276 3049 adhuc
290 2971 483 3043 desiderari,
506 2962 642 3045 quaein
657 2955 717 3033 bac
736 2974 771 3013 re
789 2948 983 3022 densissimis
1002 2960 1086 3002 non-

56 3100 214 3166 nunquam
234 3068 376 3134 tenebris
395 3068 544 3122 immersa
563 3046 677 3111 lucem.
690 3042 823 3117 afferre,
857 3059 894 3100 ac
914 3037 1016 3118 aegris
1038 3051 1089 3094 sa·

57 3178 148 3239 lutern
169 3155 429 3246 exspectantibus
450 3145 601 3232 opitulari
619 3141 755 3221 possint.

125 3268 158 3325 Si
185 3259 269 3318 haec
296 3253 383 3311 dicta
410 3244 451 3305 ad
478 3227 828 3309 recensitosmorbos,
864 3226 921 3304 qui
952 3221 1090 3282 formam

58 3342 281 3439 palpebrarum
301 3342 455 3420 imprimis
482 3332 611 3394 afficere
630 3325 755 3397 solent,
784 3319 907 3378 referre
925 3314 1022 3385 velis,
1050 3330 1090 3384 eo

59 3455 150 3532 magis
172 3444 215 3503 de
234 3441 369 3507 veritate
396 3427 490 3505 hujus
517 3416 816 3488 asserticonvictus
844 3413 923 3477 eris,
952 3422 1018 3483 quo
1045 3412 1092 3457 at·
1176 3401 1180 3410 “

60 3546 170 3601 tentius
190 3532 323 3593 illorum
343 3523 509 3599 historiam
529 3508 738 3594 pervolveris3
767 3491 936 3578 naur‘quis
955 3510 1026 3558 non
1045 3494 1093 3548 vi-

63 3633 147 3705 deat,
178 3644 279 3708 quam
295 3621 391 3697 ‚arctis
417 3604 573 3683 limitibus
595 3603 778 3678 cingamur,
806 3609 888 3671 quos
914 3580 1095 3668 transgredi

61 3726 137 3785 nulli
156 3714 271 3797 daturp'
290 3709 356 3772 est?
383 3706 463 3784 Quis
483 3717 554 3760 non
572 3689 801 3775 infirmitatem,
823 3694 855 3740 et
872 3675 1097 3738 insufficienti·

64 3838 111 3878 arn
127 3808 359 3876 methodorum,
381 3819 401 3858 a
418 3777 526 3857 mullis
547 3783 598 3847 ad
610 3776 775 3843 tollendos
794 3768 1025 3852 palpebrarum
1044 3782 1096 3823 or·

64 3904 267 3991 gauisationis
287 3892 416 3956 morbos
435 3885 690 3967 propositarum,
712 3860 909 3948 cognoscat?

136 3986 308 4076 Quidquid
330 3986 428 4065 igitur
450 3979 523 4036 artis
544 3962 844 4050 ophthalmiatricae
862 3951 1098 4033 perfectionem

349 4073 391 4151 do
416 4068 579 4147 adaugere
600 4073 633 4120 et
652 4069 846 4135 promovere
865 4043 971 4117 valet,
991 4039 1099 4121 publi·

638 4163 705 4212 arte
724 4146 834 4228 peritis
858 4138 901 4202 ad
921 4133 1101 4216 dijudican-

67 4101 269 4173 quocumque
290 4096 345 4136 mo

68 4186 180 4264 cijaris
194 4183 235 4240 sit
249 4182 401 4253 oportet,
426 4180 464 4225 ac
485 4162 558 4221 viris
579 4159 615 4219 in
