2728 4960
269 388 395 459 Hesr
431 400 779 463 nr‘rnrcatssr
810 413 922 462 uro·
1041 415 1114 485 ¹97·

76 585 141 629 non
158 550 319 640 laedatur,
338 565 405 627 it'no
425 552 623 645 operationis
641 586 849 649 praegressae
868 572 1001 650 vestigia
1013 573 1108 630 etiam

77 659 114 722 ab
134 662 209 720 artis
228 660 357 738 peritis,
380 660 408 715 si
428 656 554 737 aliquot
572 679 684 740 passus
705 659 747 720 ab
767 664 869 741 aegris
888 660 1019 737 distant,
1040 681 1111 723 non

74 752 204 832 amplius
218 742 480 833 ,cognoscentem
504 770 601 835 aeger
619 766 807 835 praeterea,
834 767 1017 813 conservata
1037 754 1116 814 luno

74 836 177 905 c'tione
195 841 387 927 palpebrae,
407 856 521 904 contra
541 865 670 905 omnem
688 845 767 906 mali
784 846 989 907 recidivantis
1009 846 1110 906 insul·

72 950 135 995 tum
153 940 338 1007 muniatur,
365 955 409 1017 ac*
420 939 516 1014 proin
538 940 663 997 sanatio
683 940 774 997 omni
792 953 940 1016 respectu
959 936 1107 997 radicalis

70 1027 268 1089 obtineatur:
289 1024 384 1103 hujus
403 1030 601 1106 operationis
621 1048 714 1088 usum
731 1028 885 1112 laeger
904 1048 1002 1109 quam
1020 1026 1113 1088 latis-

70 1123 143 1178 sime
164 1117 327 1192 extendit,
360 1131 394 1177 et
415 1115 692 1180 abbreviationem
712 1124 792 1181 cutis
812 1135 963 1181 externae
982 1121 1018 1177 in
1035 1118 1113 1196 pal-

70 1209 172 1290 pebn's
192 1209 365 1288 hucusque
383 1213 618 1268 usitatissimam
631 1217 754 1274 -sive
773 1233 834 1291 per
853 1210 1106 1291 applicationem

71 1302 147 1362 scidi
158 1299 343 1380 sulphurici
357 1306 569 1372 concentreti‚
583 1321 644 1380 pro
654 1301 761 1364 lubitu
774 1303 904 1378 medici,
927 1316 982 1363 aut
995 1305 1103 1381 potius

68 1404 124 1473 pro
143 1394 330 1455 diversitate
350 1389 454 1453 morbi
475 1393 633 1455 tractandi
651 1399 877 1457 institutam·
895 1399 932 1456 in
950 1398 1103 1456 arctiores

68 1485 177 1546 limites
196 1489 370 1558 restrinxit,
391 1498 424 1544 et
441 1482 527 1543 illius
545 1484 796 1564 applicationem
809 1486 1013 1547 solummodo
1023 1498 1111 1564 pau*

69 1582 108 1638 cis
126 1582 159 1638 in
179 1576 389 1659 casibuseg.
401 1581 436 1636 in
450 1580 602 1655 eutropio
623 1595 661 1635 ex
678 1578 890 1652 relaxatione,
911 1577 991 1638 ciliis
1010 1590 1107 1656 prae*

68 1684 148 1731 terea
166 1675 204 1730 in
224 1673 353 1751 origine
372 1689 431 1729 sua
449 1667 667 1744 normalibus,
700 1683 733 1730 et
758 1672 866 1732 forma.
893 1673 969 1732 tarsi
984 1686 1013 1726 'a
1039 1671 1125 1725 situ»

66 1762 200 1832 normali
219 1780 290 1822 non
309 1758 499 1830 salniense,
521 1763 697 1830 concessit;
724 1764 801 1841 quia
819 1757 1046 1822 tantummodo
1066 1760 1103 1818 itt

68 1849 111 1911 bis
130 1850 256 1912 casibus
286 1871 359 1911 curn
376 1849 608 1929 probabilitate
629 1849 763 1916 effectus
784 1840 951 1932 exoptatos
970 1870 1101 1931 sperare

64 1942 152 2014 licet3
193 1941 256 2003 bac
274 1942 397 2002 scilicet
417 1943 608 2005 conditione
635 1950 760 2024 posita,
789 1948 817 2004 si
835 1950 915 2005 cutis
933 1946 1042 2024 portio
1064 1944 1102 2000 in

65 2035 216 2116 palpebra
235 2053 436 2116 quocunque
454 2032 575 2106 modo,
595 2048 720 2094 tantum
739 2035 814 2115 lege
836 2040 929 2108 artis,
961 2048 995 2094 et
1012 2029 1101 2091 sulfi-

65 2132 165 2187 ciente
186 2130 367 2205 quantitate
387 2130 490 2190 excisa
510 2145 574 2204 est,
597 2125 662 2201 tam
682 2127 743 2185 hac
763 2130 976 2204 operatione,
1001 2142 1101 2207 quam

64 2221 239 2278 necessario
267 2222 413 2279 insecuta
444 2223 608 2280 reactione
641 2216 889 2278 inflammatoris
921 2211 1099 2295 palpebrae

65 2294 212 2379 allectae,
241 2328 393 2370 necnon
414 2311 482 2388 ejus
507 2310 651 2391 partibus
673 2305 944 2372 constituentibus
961 2307 1100 2386 requisi·
1196 2296 1206 2317 ⁸

62 2413 125 2461 tum
142 2400 247 2462 robur
265 2417 298 2462 et
318 2401 487 2465 elasticitas
506 2408 652 2463 restituta
672 2416 729 2464 est.

132 2494 216 2554 Cum
234 2512 322 2554 nova
342 2514 359 2553 a
379 2493 475 2555 nobis
496 2493 690 2574 exponenda
703 2492 903 2571 operationis
923 2482 1097 2547 methodus

62 2587 80 2644 i.
100 2606 126 2645 e.
148 2585 298 2644 ciliorum
314 2589 432 2646 excisio
451 2591 587 2645 maxima
606 2599 698 2664 parte
719 2581 761 2642 acl
783 2580 949 2641 arbitrium
963 2574 1096 2647 medici,
1151 2634 1157 2640 .

62 2688 92 2733 et
108 2675 325 2735 diversitatem
345 2680 672 2745 circumstantiarum,
701 2690 821 2748 nempe
840 2663 1098 2753 magnitudinem

61 2779 90 2824 et
117 2770 342 2826 extensionem
374 2765 501 2828 formae
532 2780 564 2827 et
598 2768 676 2827 situs
709 2765 862 2843 marginis
900 2753 1097 2839 palpebralis

60 2857 191 2938 ejusque
224 2856 374 2916 ciliorum
407 2877 425 2915 a
459 2856 640 2916 directione
667 2850 808 2916 normali
839 2847 1095 2920 deflectentium',

59 2954 133 3028 quin
163 2947 290 3027 reliqua
321 2966 394 3025 pars
424 2945 572 3007 ciliorum
601 2946 643 3006 ad
671 2963 819 3005 normam
847 2946 1093 3004 constitutorum

60 3041 200 3117 ejusdem
218 3042 369 3122 marginis
388 3037 554 3111 laedatur,
584 3041 671 3098 vario
689 3030 791 3097 modo
812 3026 953 3096 exerceri
971 3034 1091 3112 possit:

57 3139 148 3195 etiam
177 3131 243 3192 hoc
268 3146 418 3210 respectu
443 3134 617 3191 innotescit
650 3128 744 3207 hujus
778 3129 975 3210 operationis
998 3141 1093 3203 prae·

57 3230 168 3286 stantia
187 3227 224 3283 in
244 3244 321 3282 cura
344 3219 498 3284 trichiasis
526 3236 559 3280 et
586 3220 793 3297 disticbiasis,
834 3219 890 3281 ubi
916 3236 990 3279 raro
1019 3214 1092 3274 cilia

58 3334 169 3376 cuncta
189 3314 233 3374 ad
250 3328 353 3375 totam
373 3315 525 3395 marginis
546 3311 661 3375 ciliaris
679 3313 920 3395 longitudinem
937 3305 1089 3369 morbose

57 3412 224 3470 constituta
246 3421 322 3467 sunt
341 3420 374 3466 et
392 3404 515 3466 malurn
534 3420 583 3466 est
599 3410 699 3487 magis
717 3404 871 3485 partiale,
897 3399 988 3481 unde
1006 3415 1090 3457 sem·

56 3519 109 3578 per
127 3502 258 3561 maximi
276 3503 435 3562 momenti
456 3500 526 3572 erit,
546 3502 572 3559 si
592 3502 706 3558 amotis
719 3495 870 3558 omnibus
882 3505 1091 3572 quocumque

55 3594 148 3655 nodo
170 3591 400 3667 abnormibus,
422 3591 534 3657 forma
555 3604 589 3653 ot
604 3590 730 3655 iunctio
748 3590 888 3667 partium
906 3582 1091 3645 illaesurum

55 3692 292 3747 conservantur.

119 3778 160 3840 In
192 3776 342 3856 therapio
373 3777 515 3857 eutropii
550 3793 570 3835 e
604 3774 833 3857 conugatione
866 3771 959 3840 tarsi,
999 3783 1085 3846 quae

55 3874 144 3930 causa
163 3866 259 3946 bajus
276 3868 384 3930 morbi
396 3867 643 3952 organisationis
658 3865 796 3926 formam
805 3860 977 3932 laedentis,
986 3859 1088 3940 longe

52 3957 387 4040 frequentissimam,
407 3961 478 4022 sola
497 3958 579 4021 haec
598 3959 747 4037 operatio
760 3958 962 4016 sanationem
972 3964 1086 4023 tutam,

55 4064 84 4109 et
93 4051 269 4115 radicalem
278 4051 462 4132 producere
474 4051 576 4120 valet;
596 4070 673 4113 nam
687 4062 724 4109 ut
735 4066 774 4109 ex
787 4043 948 4127 prioribus
959 4039 1091 4104 abunde

54 4158 151 4221 patet,
171 4141 354 4210 excidendo
370 4149 449 4208 cutis
468 4148 654 4226 portionem
671 4140 847 4207 indoleret
863 4139 966 4203 forma
985 4131 1092 4203 morbi
