2728 4960
213 391 402 469 Janana
434 407 506 462 ou·
527 407 928 467 ιιιιιοιιιιιιυι.
1015 406 1089 475 ιιι

10 588 11 659 ι
59 567 103 628 tio
123 579 282 638 extracta,
311 573 367 638 ¹82
392 564 480 641 diem
504 563 637 626 rediisse
659 568 825 625 nunciavit
843 566 897 645 ¹))
931 563 1089 629 ambabus

10 670 12 679 '
60 673 200 739 excepta,
233 657 378 737 plurimis
404 669 624 736 repeteretur,
658 676 726 733 quo
750 657 891 731 factum,
923 671 960 717 ut
988 663 1091 721 unitis

58 755 260 813 numerum
278 748 347 825 ejus
371 750 441 807 aevi
467 749 607 807 virorum
626 745 746 806 viribus
769 768 807 807 ac
826 746 1007 830 subsequta
1033 769 1091 810 ae·

57 847 119 907 tatis
142 842 311 905 indefesso
331 837 440 900 studio
457 835 664 917 simplificatis
690 836 734 897 ad
750 837 839 899 illam
857 844 1019 921 requisitis
1036 844 1092 900 in·

56 938 230 995 momentis
250 929 419 1008 modoque
438 929 529 991 illam
546 926 739 990 instituendi
759 929 932 992 emendato
953 932 995 993 ad
1014 953 1091 999 eam

57 1045 121 1087 nor
140 1022 334 1087 eveheretur
352 1022 607 1101 perlectionem,
634 1039 698 1100 qna
719 1015 870 1081 hodierni
889 1020 978 1083 illam
998 1043 1090 1084 exer-

58 1130 139 1187 tant,
168 1135 243 1179 non
263 1113 397 1195 quidem
417 1122 493 1183 euin
513 1110 620 1172 adhtm
640 1124 737 1172 nacta
762 1102 915 1193 gradum,
948 1128 985 1173 ut
1005 1114 1092 1175 desi.

59 1205 138 1267 deria
157 1205 322 1286 expleret,
344 1219 406 1266 tem
420 1204 565 1265 sublimis
584 1220 695 1267 tamen
711 1208 870 1275 emineat,
891 1217 927 1263 ut
946 1224 1017 1264 eam
1035 1205 1091 1273 sel

58 1302 184 1378 nequi,
203 1294 436 1363 methodorum
456 1295 531 1369 alia,
550 1293 710 1359 laudabili
725 1308 889 1355 caeterum
903 1301 1090 1365 contentio·

59 1403 95 1447 na
112 1386 375 1461 nonobstante,
396 1407 502 1469 nsque
520 1391 665 1466 potuerit
684 1385 799 1448 nulla?

123 1480 292 1560 Quantum
309 1499 387 1539 vero
403 1481 556 1539 extractio
572 1481 675 1558 ipsam
690 1496 750 1556 per
764 1476 1008 1558 depressionem
1022 1500 1092 1542 cre·

60 1571 389 1653 tarit,¹quantumque
409 1569 485 1632 huic
503 1589 564 1649 per
582 1569 671 1633 illam
693 1575 878 1644 accesserit,
902 1586 1093 1636 cataractam

61 1662 207 1739 operandi
225 1660 457 1722 methodorum
480 1659 612 1721 abunde
631 1661 783 1741 propalat
801 1660 944 1723 historia.
982 1663 1093 1725 Enim·

61 1768 127 1812 vere
145 1750 245 1827 haec,
266 1767 472 1836 repugnante
491 1753 570 1813 licet
585 1759 788 1814 extractionis
810 1753 978 1828 luculenta
998 1775 1094 1834 prae·

63 1841 211 1921 pollentia,
227 1848 363 1904 minime
383 1844 552 1926 neglecta;
572 1845 750 1924 simplicior
767 1863 910 1925 namque
929 1847 1095 1925 perfectu-

61 1952 126 2019 que
140 1936 234 2017 qnod
259 1936 390 1997 facilior
409 1952 512 2010 esset,
544 1957 563 1997 e
589 1942 749 1997 contrario
775 1957 853 1998 vero
881 1935 1011 1997 dextera
1038 1959 1095 2017 ap·

60 2035 164 2107 teque,
184 2048 285 2109 quam
305 2030 457 2088 extractio
479 2025 627 2106 deposcit
645 2046 777 2100 manus,
796 2028 909 2101 iuncta
928 2024 1095 2088 nihilomi-

58 2131 113 2177 nus
130 2120 253 2181 infelici
270 2116 366 2196 hujus
385 2138 456 2180 non
467 2136 542 2178 raro
557 2120 707 2192 eventui,
729 2119 972 2201 depressionem
991 2138 1093 2198 porro

60 2223 126 2268 non
148 2215 327 2272 sustinuere
353 2210 478 2282 solum,
505 2229 637 2283 verum,
663 2224 701 2269 ut
720 2209 923 2271 excoleretur
942 2230 1097 2293 quoque„

63 2303 175 2383 animos
195 2307 297 2386 magis
318 2301 555 2377 incenderunt,
577 2301 676 2384 atque
695 2298 742 2363 ric
761 2303 826 2381 jam
845 2296 1095 2384 Willburgii

61 2391 255 2475 ingeniosam
274 2412 336 2474 per
354 2393 463 2455 ideam
481 2395 509 2472 ¹)
537 2393 579 2454 de
600 2408 760 2454 cataracta
785 2399 856 2454 non
874 2405 965 2452 recte
984 2390 1094 2471 depri-

61 2485 189 2567 menda,
219 2484 280 2548 sed
303 2489 339 2544 in
360 2503 477 2565 corpus
504 2489 643 2545 vitreum
667 2482 858 2547 reclinanda
880 2500 951 2545 non
976 2502 1094 2563 parum

61 2576 205 2653 profecit,
239 2595 353 2636 verum
383 2589 416 2636 et
441 2577 541 2656 magia
565 2574 692 2634 exculta
716 2594 776 2653 per
795 2575 987 2653 Scarpam
1012 2573 1094 2641 haec

61 2656 127 2727 idea
145 2688 206 2743 eo,
236 2665 330 2746 quod
354 2663 409 2726 hic
429 2660 621 2726 cataractam
649 2686 668 2725 e
694 2665 819 2744 postica
844 2661 938 2724 hulbi
965 2666 1097 2739 camera

62 2762 181 2833 penitus
199 2761 410 2819 exterminam
423 2760 460 2816 in
475 2760 619 2837 corporis
636 2761 729 2817 vitrei
748 2756 887 2817 fundum
906 2759 993 2814 inter
1010 2776 1096 2814 mus·

63 2847 160 2909 tulum
181 2849 272 2911 ocnli
291 2853 484 2921 exteriorem
506 2845 748 2921 etanfmorem
764 2847 956 2930 demergere
970 2846 1095 2922 docuit,

63 2939 209 3018 majorem
228 2939 349 3020 adepta
370 2954 418 3000 est
435 2939 684 3020 perfectionem.

127 3034 185 3093 His
199 3051 273 3093 non
286 3034 392 3090 minus
399 3071 420 3102 ,.
433 3051 532 3111 quam
554 3030 765 3092 techniciamo
782 3029 824 3091 ad
837 3029 993 3093 solidiora
1006 3033 1097 3115 prin-

66 3118 139 3206 cipia
159 3140 289 3196 exacto,
320 3122 411 3202 quod
433 3121 573 3184 feliciori
591 3127 815 3184 institueretur
838 3143 1006 3195 successu,
1029 3122 1099 3199 ejus

64 3234 136 3295 prae
159 3220 360 3291 extractione
384 3218 593 3277 eminentiam
615 3227 702 3274 extra
721 3232 852 3274 omnem
877 3215 942 3291 jam
967 3211 1027 3272 teli
1050 3211 1098 3293 jar·¹

66 3321 142 3370 ctum
167 3313 307 3390 positam
328 3304 556 3380 crediderunt,
583 3304 739 3385 ultroque
759 3307 897 3367 credunt
916 3304 1100 3383 depressio·

64 3402 107 3459 nis
126 3400 286 3470 asseclae3
317 3414 416 3479 atque
434 3418 525 3459 nunc
544 3418 584 3459 eo
598 3402 722 3478 magis,
746 3397 839 3478 quod
858 3397 1098 3477 praerogativas

65 3488 126 3565 eiua
144 3512 230 3554 nova
251 3493 425 3552 ditaverint
444 3490 690 3561 observatione,
712 3509 798 3570 quae
815 3507 886 3550 non
904 3488 1011 3575 magui
1027 3500 1107 3544 effi

64 3583 138 3643 nino
158 3588 355 3681 momenti,
363 3587 487 3644 recenti
504 3582 612 3690 plane
632 3594 824 3671 cataractam
845 3564 1011 3663 operandi
1031 3595 1100 3638 me-

65 3666 161 3739 thoda
181 3656 355 3752 praebuit
353 3678 531 3756 originem,
560 3673 786 3744 rimamarum,
815 3658 999 3755 crystallum
1020 3686 1100 3746 opa-

65 3780 127 3824 eua
145 3765 264 3827 resolvi
288 3766 519 3847 resorberiqne
543 3782 646 3844 posse.
683 3795 721 3810 -
753 3761 992 3824 Observatione
1015 3757 1100 3823 scili·

8 3994 9 4035 Ὺ
96 3995 124 4061 r)
143 3993 342 4050 Sabatier's
361 3989 515 4048 Lehrbueh
533 3990 582 4045 dar
597 3988 690 4064 pamulat
703 3987 926 4042 Wuudarznsilt
951 3983 1080 4040 nllaud.

95 4064 127 4128 a>
146 4061 190 4116 Cl.
207 4061 402 4133 Willlpurg
422 4059 593 4127 Dissertatio
619 4058 653 4114 de
673 4057 793 4113 diversis
817 4056 965 4131 laurusque
987 4050 1099 4163 usitatis

133 4145 299 4188 cataractam
316 4129 452 4207 operandi
468 4126 622 4184 methodis.
