2728 4960
243 379 470 473 Hpsrnn
503 390 761 447 ratensasr
795 403 902 474 nros
1018 394 1093 483 seg

53 559 158 631 lerum⁴
169 559 457 638 regenerationem
475 551 646 635 impedire.
684 553 811 619 Primae
831 555 1023 639 indicationi
1042 588 1097 645 ss,

57 651 205 729 tisfacere,
220 668 263 709 eo
282 651 383 728 magis
403 645 600 727 praeplacet,
621 666 694 707 cum
715 649 787 711 cilia
806 656 844 715 in
862 649 926 713 hoc
944 655 1094 734 subjecto

54 758 212 813 caeterum
240 743 366 818 optime
393 743 568 813 constituto
599 740 664 817 jam
692 753 954 822 tegumentorum
979 749 1094 830 palpe-

5 902 6 905 ,
52 833 183 926 brulium
210 830 393 913 quidquam
422 831 556 891 fortiore
586 835 808 893 contractione
833 832 873 895 ab
894 838 982 900 oculi
1002 862 1097 907 amo.

53 929 112 985 seri
129 936 328 1004 potuerunt,
358 937 391 982 et
400 921 459 982 ad
483 922 719 985 indicationem
745 922 879 985 alteram
898 929 1100 1011 explendam,

5 1052 6 1101 3
51 1014 226 1079 remedium
246 1014 398 1097 nondum
423 1017 587 1090 innotuit,
622 1034 689 1094 quo
718 1013 791 1077 eilia
810 1030 881 1077 tuto
909 1033 941 1081 et
967 1021 1094 1106 absque

52 1126 168 1173 summa
196 1088 453 1182 defoedatiene,
485 1111 553 1169 ime
586 1106 675 1179 oculi
704 1104 925 1171 destructione
950 1122 1101 1181 amoveri

5 1198 7 1223 '
50 1212 186 1278 possent

117 1290 182 1352 Die
210 1292 426 1371 insequente,
464 1290 553 1368 juxta
577 1278 769 1353 methodum
798 1287 838 1350 ab
868 1290 1092 1379 Hellingio

51 1351 263 1460 propositam,
293 1379 421 1439 acidum
441 1379 663 1462 sulphuricum
683 1394 928 1443 concontratum
948 1405 1014 1466 ope
1032 1409 1098 1471 pe-

53 1472 146 1539 nicilli
171 1493 212 1533 ex
239 1469 368 1532 asbesto
395 1473 537 1533 cunfecti
566 1472 777 1552 applicatur
767 1491 804 1533 ιιι
825 1472 983 1553 palpebra
1003 1481 1100 1560 oculi

55 1567 163 1625 sinistri
180 1565 390 1643 superiore
385 1561 618 1625 Phaenomena
638 1579 792 1637 consueta
812 1563 993 1644 posthanc
1013 1590 1100 1651 ope·

53 1658 206 1737 rationem
230 1658 268 1713 in
298 1668 509 1735 conspectum
535 1672 707 1717 venerunt.
750 1657 887 1717 Postero
912 1657 967 1724 die
994 1683 1098 1744 aegrq

52 1728 232 1826 palpebram
251 1743 367 1804 melius
387 1745 522 1820 attollit,
549 1750 653 1830 magis
681 1745 787 1808 adhuc
810 1746 925 1808 diebus
946 1758 1099 1829 proxima

53 1839 210 1918 insequis,
237 1839 320 1915 quin
346 1849 456 1920 tamen
483 1838 557 1898 cilia
577 1838 714 1923 bulbum
734 1837 822 1907 oculi
841 1845 977 1903 omnino
998 1843 1093 1906 dese-

52 1932 200 2011 tuissent,
228 1936 286 1987 aut
303 1947 415 2010 margo
433 1910 631 2009 palpebralis
648 1935 686 1991 in
706 1932 802 1992 sitnm
823 1931 1017 2013 normalem
1024 1936 1093 2013 jam

51 2022 1099 2103 recessisset..

114 2112 180 2173 Die
201 2129 291 2170 ramo
317 2110 397 2188 Maji
424 2116 600 2172 cenaticum
628 2070 809 2193 quidquam
834 2113 950 2177 fortius
974 2117 1100 2204 οοιίιιιιιί

51 2203 166 2264 modis
157 2221 194 2265 ιιι
205 2198 362 2309 palpebra
377 2207 545 2281 superiore
561 2202 649 2264 oculi
662 2204 764 2266 dextri
779 2202 961 2267 adhibetur.
999 2207 1103 2293 Effe‘r

36 2295 252 2370 ,qtuscaustici
263 2295 300 2351 in
307 2289 371 2353 hoc
386 2293 534 2354 oculos
500 2315 518 2354 e
520 2293 674 2370 fficacior,
684 2317 782 2374 quam
795 2299 986 2368 13ιιιιίιιιοι
1007 2319 1086 2364 nam

52 2378 145 2466 altero
165 2386 220 2474 die
241 2378 315 2445 cilia
342 2404 462 2466 magna
489 2405 527 2445 ex
544 2401 638 2466 parte
664 2409 685 2448 a
703 2386 807 2450 bulbo
828 2386 919 2451 oculi
936 2403 1100 2475 retracta,
1117 2410 1119 2414 ⁴

51 2492 81 2562 at
85 2468 212 2565 margo
238 2464 443 2568 palpebralis
461 2476 636 2563 directioni
654 2480 797 2541 normali
815 2478 997 2561 quidquam
1015 2503 1101 2549 seso

52 2567 256 2648 approximat.
294 2559 384 2624 Duru
415 2554 541 2628 diebus
550 2554 823 2654 insequentibus
831 2570 905 2654 cilia
931 2591 969 2633 ex
988 2575 1103 2666 ocra-lq⁵

51 2666 141 2742 nagia
161 2662 334 2741 magisque
352 2660 529 2733 recedunt,
558 2661 745 2722 obscuratio
765 2679 906 2723 corneae
924 2664 1089 2728 imminui·
1112 2692 1118 2698 ·

52 2765 105 2829 tur,
125 2769 158 2815 et
177 2757 262 2815 visus
284 2746 421 2811 eadem
414 2755 548 2813 ratione
568 2752 771 2813 emendatur.

63 2845 187 2931 le·
182 2842 350 2908 ⁸effectum
369 2845 500 2923 caustici
518 2842 777 2923 insufficientem
796 2842 927 2909 acidum
953 2845 1089 2928 sulphu·

50 2900 140 3010 slsum
165 2942 204 2998 in
229 2934 330 3009 oculo
356 2939 485 2996 sinistro
513 2933 624 2997 denuo
652 2934 847 3014 applicatur.
883 2937 1102 3021 Τοιιιιιιιιιιιι,

50 3002 273 3108 palpebrarum
299 3030 486 3087 communia
511 3025 576 3087 hoc
605 3029 749 3087 cauterio
776 3027 861 3089 adeo
887 3045 980 3093 erant
1010 3052 1101 3115 con-q

51 3119 160 3194 t'rarta,
183 3134 222 3179 nt
239 3140 341 3202 aegra
360 3118 474 3179 oculos
494 3133 604 3179 exacte
625 3118 775 3181 claudere
793 3139 864 3201 non
884 3123 1017 3200 valeret,
1037 3130 1099 3206 31·

51 3198 217 3279 nilominus
246 3210 320 3276 eilia
345 3224 461 3294 cuncta
488 3184 628 3272 bulbum
653 3210 742 3273 oculi
768 3196 919 3291 nondum
945 3221 1103 3298 omnino·

52 3291 262 3390 deseruerant,
283 3316 427 3364 attamen
444 3306 528 3363 visus
546 3322 675 3386 semper
693 3302 820 3379 melior,
840 3312 1031 3386 praesertim
1049 3312 1099 3387 in,

51 3382 138 3453 oculo
159 3391 285 3469 dextro,
313 3395 433 3455 tardius
449 3415 526 3456 varo
547 3410 580 3456 et
596 3399 703 3477 minus
715 3399 862 3477 perfecte
879 3397 966 3464 redit
983 3417 1084 3482 prop·
1091 3444 1100 3481 ι

50 3494 94 3557 ter
109 3485 251 3546 maculas
273 3506 409 3549 corneae
427 3491 464 3549 in
485 3485 583 3548 oculo
603 3491 775 3551 sinistro.

113 3575 164 3638 Ita
183 3597 261 3664 cura
283 3576 482 3689 protrahitur
500 3577 585 3638 ultra
605 3577 688 3638 duos
700 3597 840 3676 menses,
860 3546 986 3660 quibus
991 3601 1087 3663 prae·
1093 3618 1102 3660 ι

52 3631 205 3749 tbrlapsls
207 3672 291 3730 visus
314 3673 443 3733 eumin
462 3667 598 3751 gradum
616 3668 829 3745 restituitur,
825 3688 879 3732 ut
904 3666 1088 3754 aepistola

52 3757 197 3837 incedere
213 3774 336 3843 posset,
364 3782 466 3842 quare
489 3765 719 3833 enosecornio
741 3761 929 3843 dimittitur,
954 3761 1031 3825 hac
1037 3779 1087 3824 ta·

51 3862 132 3915 rnen
140 3850 350 3930 conditione,
378 3867 415 3915 ut
436 3875 474 3916 ea
495 3853 643 3935 quotidie
663 3854 706 3916 ad
724 3855 986 3923 observationem
1007 3875 1098 3919 c0n0.

54 3932 236 4003 tinnandam
260 3945 301 4007 ad
319 3965 382 4025 nos
400 3950 522 4008 reverti
539 3943 685 4011 deberet
739 3994 742 4003 ,

121 4030 185 4093 sed
207 4035 313 4115 paulo
339 4054 413 4117 post
439 4039 614 4100 discessum
636 4056 753 4120 aegrae
773 4059 791 4101 e
809 4009 1064 4105 nosocomio
1020 4048 1097 4111 eui·

53 4108 92 4181 vis
110 4123 285 4195 observare
294 4128 424 4211 licuit,
420 4132 629 4215 quomode
626 4134 774 4208 ardone·
760 4134 933 4208 condrus-
948 4135 1094 4234 musculi,
