2752 4960
259 338 321 402 136
475 338 656 401 linuntur
680 356 728 400 on
747 354 829 400 srts
852 351 985 398 suntet
1007 355 1076 396 usu

348 492 546 578 Deereyerons
564 497 656 576 igitur
676 504 762 569 ante,
790 493 972 566 morborum,
1004 496 1056 569 qui
1075 496 1139 553 vias
1159 495 1299 556 infestant

264 594 408 670 lacrymas
429 593 621 666 deducentes,
654 593 850 673 pathologitm
871 603 961 670 atque
981 591 1145 667 therapium
1166 611 1300 669 exarare,

237 758 240 763 .
262 692 421 765 praemissa
439 710 540 753 earum
559 693 707 750 anatomia
727 700 816 768 atquc
836 690 1026 770 physiologia.
1069 687 1130 748 Sed
1149 692 1183 749 in
1204 692 1300 751 elabo-

264 788 356 846 randa
382 787 438 847 hac
464 792 604 862 materie,
630 798 710 851 eum*
726 787 800 847 bene
820 789 1046 863 intellexissem,
1079 806 1144 847 enm
1164 809 1227 851 non
1246 792 1302 851 nist

172 956 174 965 Ι
194 893 197 902 ·
263 887 395 965 longiore
408 905 541 948 sermone
555 887 667 947 absolvi
679 906 777 963 posse,
791 888 877 944 simul
889 897 988 946 autem
999 889 1138 963 temporis
1150 890 1301 947 minimum

169 1046 175 1068 x
264 986 464 1063 tautummodo
485 989 610 1063 spatium
631 976 800 1067 concernunt
821 994 910 1058 esset,
931 987 1023 1044 sadus
1039 985 1121 1059 duxi,
1144 1005 1213 1044 cum
1228 997 1299 1045 tem·

264 1082 329 1156 pori
348 1101 480 1159 parcere,
502 1095 577 1158 tum,
603 1102 676 1165 qnae
698 1080 842 1140 derebus
864 1101 953 1160 supra
972 1086 1091 1142 monitis
1108 1087 1170 1160 jem
1193 1084 1301 1144 dudum

264 1178 420 1255 observata
439 1192 528 1260 atque
548 1185 715 1261 excogitata
734 1179 887 1252 haberem,
908 1198 961 1254 ea,
983 1182 1085 1240 critico
1100 1183 1201 1241 studio
1217 1203 1300 1242 reeo-

261 1279 345 1358 gnita
365 1290 493 1357 apteque
514 1280 616 1338 ordine
637 1280 795 1356 dspnsin,
810 1280 870 1336 aliu
890 1284 1020 1356 tempore
1041 1281 1074 1337 in
1091 1282 1188 1339 lucem
1204 1280 1299 1357 edere,

261 1380 420 1452 praemissa
449 1381 583 1450 interim,
615 1388 763 1455 tamquam
791 1376 957 1459 fragmento
978 1379 1094 1454 aliquo,
1128 1377 1186 1435 hac
1207 1383 1300 1454 quali·

263 1494 377 1556 cunque
398 1472 663 1537 dissertsrtiuuc'ulu.¹
697 1473 798 1533 Holet
818 1482 915 1532 sutem
934 1476 986 1533 illa
1005 1470 1187 1550 propositum
1207 1478 1251 1551 id,
1270 1480 1299 1537 in

262 1590 319 1648 quo
340 1578 435 1632 ontis
456 1574 550 1632 orttl'o
570 1575 684 1633 versari
699 1572 801 1646 debet,
827 1572 963 1630 nimirum
981 1576 1018 1630 'ut
1039 1573 1231 1648 demonstret,
1254 1579 1301 1652 qui

192 1718 194 1723 .
261 1667 376 1729 fructus
391 1673 428 1730 ln
449 1671 621 1749 quibusdam
637 1671 755 1731 'viarum
773 1664 973 1748 lcurynidllunr
992 1666 1101 1729 morbis
1122 1691 1140 1728 e
1160 1675 1299 1748 peculiari

261 1767 304 1825 lili
325 1771 412 1827 seriei
432 1788 487 1828 usu
509 1770 724 1847 pereipialttdr,
746 1768 829 1844 cupre
850 1766 1081 1844 praedicatorem
1101 1788 1148 1827 roe
1165 1770 1299 1831 lubenter

261 1846 327 1926 'esse
347 1867 498 1944 profiteor,
511 1866 907 1945 peusssoemqnmoto
930 1866 1014 1924 ‘utut
1033 1867 1234 1929 adhibendum
1254 1873 1298 1945 sn,

259 1967 347 2042 paulo
362 1966 512 2025 diductius
533 1965 689 2027 describet.
722 1961 856 2023 ,Scilicet
880 1968 941 2040 ejus
955 1964 1007 2022 'rel
1027 1964 1233 2026 observandae
1253 1988 1299 2046 per

261 2073 387 2140 quotuor
403 2066 504 2123 annot'
513 2060 671 2122 mlhl'detc
680 2064 744 2122 ‘luit
753 2065 787 2121 lu
798 2061 862 2121 Viri
874 2054 1120 2123 Excellentissimi
1131 2061 1297 2126 Schmal·

260 2163 311 2220 tii
330 2164 507 2222 nosocomio
518 2165 635 2239 priuato
653 2161 809 2221 admodum¹
819 2162 958 2236 frequens
976 2160 1103 2235 occasio,
1117 2171 1161 2220 'ut
1176 2173 1297 2240 meran,

185 2300 187 2310 .
261 2258 337 2318 hene
350 2262 556 2335 ,operationem
576 2262 609 2316 in
624 2259 757 2318 'diversit
785 2261 911 2316 cumino¹
930 2258 1046 2316 casibus
1067 2259 1121 2317 sub
1141 2265 1297 2336 praeclaris

261 2376 279 2414 e
284 2360 347 2434 jus
369 2352 504 2434 auspiciis
525 2358 717 2434 aliquotiens
728 2372 800 2430 ωε,
813 2357 988 2414 'felicissimo
1010 2348 1077 2417 eum
1096 2376 1240 2420 succesum
1257 2364 1295 2420 in·

261 2456 393 2514 stitutum
416 2464 500 2517 esse.¹
565 2464 569 2481 '
611 2460 633 2471 ”
709 2468 714 2477 ’
984 2450 988 2461 ’
1187 2468 1191 2477 ’

347 2551 500 2628 Ueterum,
527 2556 555 2612 ri
579 2556 744 2633 qult‘rnnt‘,
773 2564 851 2630 quos'
866 2550 962 2612 sentio
982 2556 1090 2613 multos
1112 2572 1194 2632 esse,
1223 2560 1295 2618 deri·

261 2666 342 2709 sores
362 2651 447 2730 hujus
467 2653 647 2728 'operationis
666 2651 808 2726 methodi,
829 2653 881 2729 qui
901 2652 1074 2710 temeritatis
1092 2654 1161 2712 ideo
1183 2674 1233 2714 me
1252 2674 1296 2716 at·

261 2758 381 2823 curent,
409 2752 487 2829 quod
515 2744 618 2810 contra
639 2742 1201 2811 summorum‘uirorum‘lsuctoritstem
1223 2754 1295 2814 illus

262 2847 434 2921 defendere,
468 2858 498 2906 et
525 2851 608 2925 quasi
634 2856 808 2907 restaurare·
827 2866 916 2906 ausus
938 2849 1009 2922 sim,
1040 2852 1077 2907 iis
1098 2852 1295 2927 respondean,

261 2964 308 3002 me
328 2963 366 3002 eo
383 2947 559 3005 instruemur
580 2949 782 3020 acironense,
803 2956 837 3005 ut
857 2946 971 3005 mallem
991 2946 1234 3022 reprehensiones
1254 2951 1295 3010 rel

259 3038 376 3117 iniquas
393 3044 491 3118 ferre,
513 3058 614 3120 quam,
636 3042 718 3121 quod
734 3045 915 3121 experientia
936 3055 1117 3127 compertum
1135 3043 1250 3122 habeo,
1269 3046 1294 3106 it

259 3137 350 3197 libere
371 3140 455 3200 effari
476 3143 616 3202 desinere.
703 3162 706 3169 ⁴
1112 3153 1119 3167 '

344 3239 402 3306 Qui
422 3258 492 3298 vero
510 3243 663 3300 levitatem
685 3250 773 3315 atque
796 3242 972 3298 tenuitatem
998 3238 1119 3317 hujusce
1139 3242 1233 3301 libelli
1251 3261 1294 3302 ro·

144 3314 148 3323 ¹
258 3334 450 3412 prehendunt,
470 3342 519 3413 lle,
541 3339 620 3415 quod
641 3337 787 3413 objiciant,
807 3338 871 3396 lere
891 3336 1089 3412 utilitates,
1114 3352 1235 3414 praeter
1252 3343 1293 3398 ir·

259 3438 340 3513 genii
359 3436 557 3503 infirmitatem
583 3437 782 3514 temporisque
807 3428 1054 3495 adscribendum
1075 3437 1147 3496 mihi
1169 3443 1293 3499 concessi

261 3531 443 3598 brevitatem.
599 3538 603 3545 ⁴

345 3634 451 3711 Accipe
469 3636 576 3713 igitur,
598 3632 784 3699 benevole
805 3635 950 3706 lector,
970 3631 1048 3691 laune
1068 3636 1293 3713 qualemcunque

229 3733 231 3742 '
260 3728 388 3790 libellum
408 3730 657 3804 es'lruruenltate,
679 3749 737 3807 quo
757 3731 956 3808 doetioripcr
977 3740 1034 3804 est,
1056 3741 1087 3790 et
1103 3735 1205 3809 siqua
1221 3734 1293 3792 forte

261 3828 319 3886 alia
345 3832 459 3891 ratione
486 3850 533 3890 me
560 3829 748 3889 dissidentem
773 3848 792 3888 o
818 3839 855 3888 te
878 3822 1089 3910 cognoveris,
1106 3828 1200 3908 ao'quo
1220 3832 1292 3890 ferat

184 3990 190 4001 ,
261 3928 357 3986 anim
378 3939 465 4007 etque
487 3928 609 3990 liberali.
652 3918 732 3990 Vale.
