2744 4960
293 410 360 459 tro
523 385 750 474 Cuntinus
777 405 843 475 >⁴,ou
864 406 1061 469 runica

284 564 378 629 sudat
394 562 478 625 latex
498 559 672 641 diophanus
691 575 723 620 et
742 559 929 642 inguttulaa
947 557 1081 621 confluit
1098 579 1217 624 cornea
1236 560 1314 623 bre·

283 661 314 717 vi
338 669 410 736 post
434 667 569 713 mortem
597 655 683 712 inter
708 652 824 733 digitos
852 651 1038 730 com'prsssa.
1088 653 1127 712 Iu
1146 673 1232 733 aqua
1249 658 1314 712 im·
1368 670 1369 675 ¹

281 766 384 808 mersa
404 765 474 804 earn
495 743 586 805 avide
604 757 681 802 tunc
705 740 788 802 bibit
810 757 842 802 et
861 746 1017 803 tumescit.
1060 741 1100 802 In
1119 762 1202 821 aqua
1221 744 1314 825 frigi-

283 840 326 901 da
344 843 370 898 si
388 841 451 915 'per
470 835 594 915 aliquos
615 833 682 895 dias
704 850 884 895 maceretur
898 834 1004 913 duplo
1025 837 1150 900 circiter
1173 831 1207 892 fit
1227 854 1314 895 cras-

282 936 348 995 sior
369 943 401 988 et
420 942 487 989 tota
505 938 625 1007 quanta
651 920 899 1005 ubido-opaca.
956 927 1088 985 Senac
1113 923 1187 983 illos
1210 937 1313 1002 poros

283 1020 493 1084 adsadnatam
520 1032 644 1077 tantum
669 1021 809 1075 tunicam
834 1016 949 1089 refert)
975 1017 1034 1078 sed
1054 1031 1087 1078 et
1106 1016 1315 1094 conjunctiva

280 1126 406 1177 remota
424 1131 476 1172 eas
498 1111 753 1188 comea‘patitur
769 1113 975 1175 mutationes.
1291 1120 1317 1146 ³·

737 1239 765 1313 §-
804 1243 851 1308 25·
1053 1306 1056 1311 .

385 1418 389 1425 ⁴
430 1371 435 1380 ¹
492 1343 601 1408 Vasa
629 1365 809 1405 corneae
838 1343 1099 1425 sangfuifera.

355 1456 483 1519 Cornea
509 1452 675 1534 hucusque
703 1452 835 1513 anobis
857 1451 1043 1525 observata,
1071 1450 1319 1531 pelluciditate,.

280 1551 454 1618 tenuitate,
474 1545 632 1623 politura,
656 1548 812 1616 crassitie,
832 1550 962 1625 propria
982 1558 1104 1604 textura
1124 1559 1155 1604 et
1169 1543 1310 1603 humore

280 1644 330 1699 sui
349 1640 480 1715 proprio
496 1635 639 1716 gaudens
659 1636 757 1715 plane
776 1636 897 1715 absque
911 1636 1045 1697 vasculis
1060 1651 1124 1707 est,
1147 1653 1250 1714 quae,
1269 1646 1311 1695 ‚ut

280 1729 359 1791 dicit
390 1723 552 1798 Haller,
592 1742 709 1806 sponte
742 1732 933 1810 sanguinem
967 1725 1099 1789 vehunt.
1161 1728 1318 1787 Asteriae.

277 1834 397 1895 nempe
418 1815 633 1875 musculorum
654 1834 794 1897 quatuor
810 1834 970 1878 rectorum
989 1837 1119 1879 cursum
1131 1821 1309 1895 insequen-

277 1925 324 1970 tes
341 1907 576 1991 conjunctivam
592 1911 728 1979 intrant,
748 1926 819 1968 nou
836 1912 898 1968 nisi
914 1927 1052 1969 corneae
1066 1914 1243 1991 marginem
1261 1920 1316 1971 ate.

276 2005 406 2083 tingunt
424 1996 616 2076 arculosqus
635 1998 681 2056 ibi
698 1999 844 2059 formant
854 1999 1092 2070 subtilissimos,
1113 1999 1172 2059 sed
1185 2014 1235 2061 'ne
1255 2015 1309 2055 ra-

275 2091 381 2152 mulus
398 2088 530 2168 quidem
545 2092 580 2149 in
594 2108 734 2150 corneae
749 2087 959 2149 substantiam
974 2110 1008 2149 se
1021 2090 1122 2151 infert
1138 2101 1193 2146 aut
1210 2105 1313 2165 super.

276 2203 349 2244 eam
362 2200 397 2241 se
411 2179 571 2259 expandit.
611 2179 794 2241 Occurrunt
808 2178 940 2261 quidem
960 2184 996 2240 iu
1009 2179 1206 2261 gravioribus
1222 2175 1309 2256 oph·

275 2272 412 2335 thalmiis
427 2269 515 2330 haud
526 2289 601 2331 raro
613 2285 688 2330 vasa
700 2275 737 2329 in
750 2288 869 2329 cornea
884 2269 981 2332 rubra
996 2270 1308 2349 adspicientimani·

275 2365 462 2431 tarassiam,
489 2377 574 2438 quae
592 2378 670 2420 vero
693 2359 745 2421 ad.
757 2360 908 2420 adnatam
928 2366 1028 2443 magis
1049 2381 1147 2439 quam
1168 2358 1211 2421 ad
1232 2379 1307 2418 cor-

273 2454 547 2532 neam-pertinere
562 2468 689 2528 sampsr
700 2450 780 2512 mihi
792 2451 994 2513 videbantur.
1031 2450 1071 2511 Iu
1083 2469 1222 2512 corneae
1233 2451 1308 2532 ipsa

188 2542 191 2553 '
274 2546 452 2611 substantia
474 2554 506 2601 et
525 2545 561 2600 in
583 2545 771 2621 gravissimis
791 2542 878 2604 oculi
901 2539 1206 2619 inflammationibus
1226 2538 1306 2601 nul-

272 2640 342 2700 tum
361 2635 528 2713 hucusque
541 2632 593 2692 vel
613 2632 816 2695 exilissimum
834 2655 888 2695 vas
910 2634 1062 2717 detegere
1080 2638 1178 2714 potui
1191 2634 1230 2711 (§.
1244 2633 1304 2709 14).

272 2727 455 2793 Minoribus
468 2745 544 2795 vero
556 2729 637 2787 vasis
652 2731 805 2789 instructa
821 2741 868 2787 est
880 2746 999 2787 cornea
1004 2769 1015 2799 ,
1036 2745 1120 2808 quae
1134 2721 1194 2784 sub
1205 2741 1315 2785 vasu,
1368 2728 1369 2735 ’

272 2824 344 2881 rrim
363 2818 550 2881 decolorem
572 2821 706 2878 nomine
724 2822 859 2878 veniunt
882 2818 979 2896 apud⁴
991 2816 1040 2876 Ill.
1062 2813 1307 2875 Blumenba·

273 2909 403 2970 chium
422 2913 460 2986 ²).
495 2908 536 2965 Et
549 2926 610 2985 pro
624 2900 803 2968 nutritione
818 2908 886 2983 ejus
902 2922 934 2966 et
948 2905 1090 2966 humoris
1104 2896 1187 2969 intra
1200 2922 1306 2984 poros

273 3004 418 3062 contenti
436 3002 616 3073 secretione
634 3010 709 3060 vasa
726 3004 847 3079 requiri
869 2999 931 3074 jam
949 3001 1031 3058 ratio
1047 2997 1180 3059 dictitat.
1218 2998 1307 3059 Sunt

272 3105 305 3151 et
318 3087 503 3149 revehentis
515 3108 574 3167 pro
589 3087 742 3168 superflui
759 3086 899 3149 humoris
911 3093 1125 3167 resorptione.
1163 3087 1307 3149 Exilissi·

270 3200 324 3240 ma
338 3198 414 3239 vero
434 3170 557 3239 suntet
577 3183 814 3263 angustissima,
833 3196 1059 3259 necunquam
1080 3182 1305 3256 microscopiis

270 3270 398 3330 detecta
416 3282 480 3328 nec
498 3270 707 3333 subtilissimis
728 3278 982 3333 anatomicorum
1000 3268 1228 3347 injectionibus
1251 3287 1306 3326 re-

269 3359 368 3439 pleta.
406 3360 530 3420 Horum
545 3372 652 3421 tamen
665 3361 867 3423 vasculorum
881 3365 1095 3440 praesentiam
1112 3357 1306 3420 confirmant

270 3464 410 3524 corneae
425 3468 538 3512 eorum
551 3470 625 3513 sero
637 3456 801 3534 sauguinis
816 3455 1020 3513 ictericorum
1033 3457 1152 3513 tinctae
1166 3450 1205 3527 (§.
1217 3448 1285 3527 60).

724 3596 754 3672 §-
791 3594 839 3655 26·
883 3634 884 3639 ,

570 3702 725 3769 Nervi
768 3723 991 3765 corneae.
1032 3766 1037 3779 ἶ
1189 3764 1223 3781 ,ι

342 3809 398 3871 Uti
410 3790 491 3872 vasis
509 3816 646 3890 propriis
660 3812 849 3891 sanguiferis
855 3853 867 3885 ,
887 3815 932 3871 sic
945 3816 1040 3874 etiam
1055 3812 1164 3875 nervis
1177 3825 1318 3873 cornea.

269 3917 365 3964 caret.
402 3902 608 3982 Interpartes
622 3902 790 3964 insensiles
804 3902 867 3979 jam
880 3902 919 3964 ab
937 3904 1110 3969 Hallero·
1123 3902 1224 3977 relata
1241 3915 1305 3977 est.

301 4108 330 4174 a)
348 4106 473 4165 institut.
489 4108 614 4181 physioi.
637 4100 690 4167 Ed.
706 4123 732 4180 5.
757 4108 786 4187 Ρ
801 4119 842 4183 75·
868 4112 894 4190 ᾗ
907 4125 950 4185 92·
966 4100 969 4105 Ι
