2762 4960
286 394 467 441 «LEN‘HS
500 394 876 445 GMH'ALLINAE·
1045 410 1090 471 ω

61 553 98 611 rit
115 556 296 622 ammo,
313 563 427 611 samen
446 566 580 609 necesso
601 566 668 609 asso
687 564 856 628 putamus,
875 534 989 636 pertiso
1004 561 1047 622 ad
1060 566 1094 625 td

60 639 285 727 provocando,
304 638 400 718 qnod
412 638 558 718 reliquae
570 655 677 719 partes
690 649 831 720 corporis
842 663 914 706 non
926 654 988 710 nisi
1002 673 1095 715 vaso·

60 754 123 793 man
138 743 222 810 opo
243 731 427 803 alerentur,
468 737 584 810 partim
611 731 653 790 ad
679 749 861 796 metastasas
886 744 1094 817 quorundam

59 824 266 892 morborum,
297 819 414 901 quibus
443 820 513 881 lens
537 839 585 883 est
611 821 768 900 obnoxia,
795 827 937 908 denique
960 833 1001 890 ad
1023 837 1093 912 ejus

59 914 306 975 obscurationes
339 912 513 985 nonnullas
539 916 788 981 medicaminum
823 937 882 976 usu
908 937 1034 988 sanatas
1052 929 1093 1005 ²).

59 1005 147 1082 Quae
169 1007 285 1064 omnia
308 1017 434 1083 autem,
454 1003 505 1063 vel
525 1005 618 1064 nullo
634 1024 781 1065 vasorum
799 1024 885 1066 nexu
905 1016 1031 1090 potito,
1054 1021 1092 1078 in

56 1102 200 1174 ,proxima
215 1099 364 1156 sectione
379 1095 536 1175 explicare
551 1096 725 1158 studemus.

127 1369 188 1429 His
207 1371 306 1448 ipsis,
338 1386 422 1446 quae
443 1388 538 1447 supra
557 1372 668 1449 posui,
695 1371 769 1428 satis
790 1368 949 1442 indicasse
968 1374 1088 1454 videor,

56 1479 125 1524 non
142 1465 265 1542 magis,
287 1479 386 1537 quam
406 1464 490 1519 inter
506 1460 666 1540 capsulam
684 1474 717 1518 et
735 1460 872 1533 lentem,
891 1469 927 1523 in
942 1465 1093 1532 substan.

55 1556 101 1612 tia
114 1551 208 1611 lentis
224 1568 301 1610 vasa
317 1569 385 1608 esse
404 1568 499 1627 posse
518 1548 561 1627 (h.
577 1571 605 1610 e.
622 1548 748 1610 canales
761 1551 1002 1635 membranosos
1016 1557 1091 1621 Hui·
1118 1558 1122 1567 ’

61 1644 139 1703 dum
154 1640 276 1723 aliquid
290 1644 518 1721 continentes),
534 1663 618 1724 quae
633 1641 681 1702 Gl.
695 1640 873 1703 Walther
888 1648 927 1723 ¹),
946 1657 1090 1727 quamvis

60 1739 145 1795 intur
162 1730 325 1813 capsulam
346 1746 380 1793 et
396 1731 517 1794 lentem
538 1732 719 1792 deficientia
739 1729 826 1791 haud
844 1752 961 1817 neget,
990 1741 1089 1802 arabi.

59 1826 134 1889 livit.
188 1820 406 1884 Resorbentia
441 1838 473 1881 et
502 1821 680 1883 exhalantia
714 1823 854 1902 appellat
889 1825 969 1888 haec
1000 1854 1085 1907 vasa,

57 1937 160 1998 quae,
186 1920 233 1976 uti
254 1929 382 1987 censet,
409 1934 479 1976 non
507 1934 544 1973 ex
571 1913 701 1974 arbitrio
726 1921 909 1994 supposita,
934 1921 992 1980 sed
1017 1929 1087 2002 ipsa

57 2009 151 2069 lentis
169 2009 345 2067 nutritione
366 2021 399 2067 et
416 2008 568 2067 materiae
586 2008 765 2066 mutatione
786 2010 994 2087 comprobata
1013 2020 1088 2080 sint.
1174 2012 1176 2015 ’

57 2101 177 2163 Verum
194 2110 306 2159 tamen
324 2101 371 2157 tic
390 2117 522 2178 quoque
541 2095 665 2173 aliquid
685 2097 887 2173 conjecturae
906 2100 1033 2176 subest,
1053 2113 1088 2165 in

54 2212 156 2273 quam
176 2189 286 2261 eadem
305 2189 432 2268 valent,
455 2200 539 2267 quaa
559 2191 593 2245 in
611 2189 659 2263 ξς.
680 2189 825 2249 anteced.
847 2189 954 2262 attuli,
976 2196 1088 2272 itaque

57 2304 99 2343 eo
119 2288 191 2362 ipso
211 2298 269 2357 pro
282 2298 364 2338 vana
384 2294 431 2339 est
449 2277 621 2339 habendu·
647 2279 768 2340 Verum
784 2286 907 2340 etiamsi
923 2279 988 2340 fide
1004 2301 1088 2346 esset

56 2373 175 2456 digna,
209 2367 432 2429 difficillimum
450 2391 528 2429 sano
549 2371 634 2430 foret
656 2372 837 2453 analogiam
857 2373 997 2452 aliquam
1019 2380 1087 2434 vin·

56 2464 175 2527 dicare.
213 2459 296 2538 Quis
316 2465 457 2519 enimin
477 2466 662 2542 organismis
688 2475 800 2523 revera
817 2483 965 2523 vasorum
987 2481 1087 2546 syste-

57 2572 137 2616 mate
155 2551 312 2632 praeditis
331 2551 434 2611 simile
454 2551 673 2611 demonstrare
692 2569 800 2632 posset
818 2553 1085 2632 phaenomenou,

56 2648 174 2708 scilieet
194 2663 296 2704 unam
316 2662 334 2701 e
354 2641 459 2701 multis
479 2656 603 2718 partem
624 2648 797 2721 organismi
818 2643 1011 2717 disjuncum
1030 2642 1088 2701 ha-

57 2738 131 2800 bere
146 2735 353 2797 vasculorum
373 2748 529 2814 systema,
554 2746 591 2793 et
614 2750 743 2809 prorsus
770 2729 810 2789 ab
831 2732 932 2790 altero
959 2750 1018 2807 por
1037 2748 1087 2791 to-

58 2843 120 2889 tum
148 2847 269 2907 corpus
298 2824 468 2885 distributo
495 2837 685 2904 separatum.
715 2821 832 2899 'Quod
864 2820 995 2901 quidem
1022 2837 1088 2882 tam

57 2924 242 2998 proposito,
279 2934 375 2993 quent
400 2911 523 2976 hahent
547 2930 620 2977 vasa
646 2919 681 2974 in
707 2911 871 2972 altioribus
900 2914 1087 2974 animalium

18 3018 21 3022 '
58 3008 239 3092 generibus,
259 3003 335 3076 fini,
356 3025 452 3081 quam
472 3009 670 3069 necessariae
691 3008 988 3067 communicationis
1007 3005 1085 3087 legi,

59 3100 198 3179 denique
227 3102 257 3157 ei
281 3114 464 3176 repugnare
487 3095 614 3156 videtur
639 3095 725 3175 legi,
756 3115 819 3174 qua
838 3094 938 3166 fluida
962 3099 996 3154 in
1023 3096 1085 3154 illis

58 3187 349 3260 circumvehantur,
365 3181 496 3248 necesse
510 3203 565 3248 est.
606 3187 695 3264 Quin
714 3204 757 3243 ne
778 3205 814 3244 ea
837 3187 967 3266 quidem
985 3193 1087 3247 inter·

55 3281 203 3361 pretendi
221 3283 322 3351 ratio,
344 3299 428 3363 quae
448 3282 654 3338 nutritionem
673 3280 707 3357 in
726 3273 788 3336 hoc
805 3279 952 3351 sejuncto
973 3299 1085 3338 vascu-

55 3372 160 3434 lorum
181 3385 350 3453 systemate
376 3375 550 3450 pariterue
575 3372 610 3426 in
629 3367 746 3445 plantis
766 3366 835 3427 fieri
856 3365 1024 3446 perhibet,
1055 3379 1099 3442 et,

56 3467 88 3524 in
107 3461 300 3523 animalibus
307 3501 318 3533 ,
345 3465 381 3523 iu
401 3459 517 3542 quibus
537 3457 645 3518 nullus
668 3477 836 3518 succorum
857 3450 1008 3516 decursus
1030 3459 1088 3514 cir·

14 3544 18 3569 ⁸
58 3555 170 3614 mistis
190 3556 404 3628 conspicitur,
426 3553 542 3612 sufficit
560 3548 666 3610 nobis.
704 3537 752 3608 Ita
777 3553 863 3608 enlm
882 3547 932 3608 ies
954 3548 993 3606 e‘o
1013 3567 1088 3625 per·

57 3647 163 3704 veniat
187 3660 322 3703 necesso
350 3656 415 3716 est,
434 3659 482 3707 ‚ut
508 3643 576 3703 leus
603 3640 784 3725 crystallina
809 3659 869 3719 pro
898 3636 1029 3699 animali
1053 3641 1089 3698 in

87 3930 118 4000 ι)
134 3923 362 3983 Autenrieals
377 3921 538 3979 Handhuch
555 3923 582 3979 d.
596 3919 759 4002 empiriaoh.
772 3912 1084 3990 mensohlichfflhysio·

115 3995 205 4070 logie.
231 3993 286 4053 Bo.
302 4000 330 4057 5·
350 4011 380 4064 p·
394 3998 454 4065 958.

84 4098 116 4168 ι)
131 4099 205 4153 Loc.
224 4095 304 4155 citat.
323 4111 353 4168 p.
368 4099 408 4160 ιθ.

749 4189 780 4249 D
801 4209 821 4248 2
