2728 4960
200 418 388 491 Janonn'
419 441 482 488 nn
514 404 918 498 aratrorrxrar.
1006 436 1074 502 161

56 592 184 674 phatica,
214 601 367 676 aynizesis
392 595 555 677 pupillae,
591 592 772 676 hypopion,
804 601 979 668 destructio
1005 607 1078 668 bul·

59 687 153 767 bi¹).·
320 751 322 754 ,

72 860 75 863 ¹
119 780 299 861 Antequam
326 799 403 840 vero
423 801 528 840 meam
556 781 598 840 de
624 777 863 865 keratouyxidis
889 788 999 852 valore
1025 807 1081 855 aut

58 870 225 932 infirmitate
245 877 440 933 sententiam
467 872 669 956 depromere
683 878 802 949 ausim,
830 880 938 957 ejusve
959 884 1000 943 ad
1022 885 1080 945 311.

59 984 88 1035 as,
101 961 268 1023 methodos
288 967 448 1023 rationem
469 959 610 1043 defigere
636 964 825 1044 suscipiam,
853 972 949 1035 liceat
969 973 1081 1035 obser-

47 1062 202 1117 redonum
231 1059 358 1133 copiam
392 1058 427 1113 in
445 1055 597 1113 medium
623 1055 784 1134 proferre,
821 1081 906 1142 quae
933 1066 1079 1129 dicendis

58 1138 137 1208 fidem
157 1147 331 1208 conciliare
349 1144 487 1205 valeant.
525 1145 771 1224 Enumerandas
800 1151 865 1214 hoc
896 1156 972 1218 loco
999 1181 1080 1239 ope·

56 1244 179 1299 rationes
205 1237 292 1304 Prot.
320 1238 424 1316 Beer
456 1241 609 1309 instituit,
650 1245 703 1298 cui
731 1247 876 1305 assistens
903 1252 939 1306 in
966 1248 1079 1311 harum

59 1340 188 1389 eventum
214 1328 367 1389 solertem
395 1325 528 1409 adhibui
558 1334 710 1393 animum.
750 1334 887 1395 Fiebant
913 1359 989 1399 vero
1018 1360 1078 1402 acu

59 1438 101 1480 aut
115 1425 222 1505 Lang
233 1420 429 1481 enbeckii
450 1435 505 1479 aut
521 1421 582 1482 alia
601 1425 792 1500 aucipitead
807 1427 1009 1505 operandam
1025 1452 1078 1490 ca·
1138 1476 1144 1486 .

58 1527 189 1575 tarantum
212 1502 359 1574 adhiberi
379 1510 493 1585 solita,
522 1513 648 1593 pupilla
667 1512 870 1601 hyoscyami,
902 1530 958 1579 aut
978 1519 1080 1581 bella·
1138 1568 1142 1574 .

60 1602 171 1676 donnae
191 1610 222 1664 vi
241 1609 330 1686 prius
351 1603 500 1672 dilatata,
524 1605 712 1665 inferiorem
732 1603 826 1683 hujus
846 1629 944 1688 super
962 1617 1079 1694 margi·

59 1715 119 1754 nem
139 1718 198 1777 per
225 1715 378 1756 corneam
405 1692 534 1773 adacta;
570 1692 711 1754 humoris
740 1703 836 1778 aquei
862 1719 1076 1779 praematura,

59 1793 174 1849 niuiave
193 1786 387 1868 parvuinus
409 1760 535 1856 effusio,
558 1791 794 1866 operationem,
817 1810 901 1869 qnae
922 1791 1079 1855 difficilio-

59 1894 119 1936 rem
127 1881 189 1939 v'el
184 1877 425 1958 periculosam
431 1875 643 1949 reddidisset,
665 1877 755 1937 nulla
777 1877 872 1938 nobis
888 1887 954 1942 visa
964 1925 975 1956 ,
998 1891 1079 1975 quin
1173 1938 1176 1951 .

58 1988 119 2029 sero
136 1974 243 2049 potius
265 1988 359 2028 acum
382 1974 498 2027 iterato
525 1967 665 2041 illatam,
700 1970 929 2077 demptamque
956 1960 1078 2061 absque

61 2078 201 2122 camerae
207 2065 376 2122 anterioris
398 2064 619 2120 exinanitione
640 2064 873 2138 conspeximus.
956 2132 959 2138 ,

385 2205 669 2266 observatio
708 2202 733 2265 Ι.

124 2315 279 2397 Homung
300 2313 427 2396 Ignatio
454 2317 585 2390 pusioni
611 2327 736 2391 septem
760 2327 887 2373 menses
913 2318 948 2376 in
972 2316 1078 2378 lacem

60 2406 152 2481 edito,
178 2419 336 2468 cataracta
355 2425 438 2483 pura
463 2404 646 2464 lenticulari
667 2417 806 2484 utroque
832 2405 956 2466 lumine
983 2410 1077 2485 orbo,

60 2497 160 2569 dieas.
179 2497 274 2557 Febr.
296 2505 366 2566 1811
390 2497 518 2574 capsula
539 2517 599 2556 acu
623 2499 756 2573 ancipiti
784 2512 914 2573 aperta,
941 2519 1003 2561 nec
1028 2507 1079 2562 in-

60 2585 214 2650 flammatio
241 2604 305 2648 nec
329 2587 396 2646 ulla
424 2587 659 2648 obscurationis
693 2587 858 2655 alteratio;
897 2610 998 2669 quare
1025 2594 1080 2653 dia

62 2689 97 2749 lb
112 2683 184 2742 lolii
204 2685 283 2739 anni
295 2678 447 2754 ejusdem
474 2682 621 2757 operatio
640 2681 808 2747 reiterata,
835 2678 894 2737 sed
913 2700 1078 2743 successus

60 2772 140 2833 idem.
183 2774 300 2832 Mense
321 2769 457 2831 Octobri
479 2791 508 2829 a.
531 2790 557 2827 c.
577 2766 812 2848 keratonyxide
831 2775 929 2831 tertio
951 2772 1082 2834 institui

61 2877 99 2936 ta,
117 2885 179 2945 quo
200 2866 319 2923 certius
337 2861 408 2921 lens
426 2861 601 2939 plurimum
622 2859 874 2938 discerperetur,
903 2881 977 2921 acus
999 2878 1084 2943 qua··

61 2974 214 3035 quaversus
235 2954 343 3013 ducta.
381 2954 458 3012 Post
483 2948 545 3009 hac
570 2947 781 3011 inflammatio
801 2950 897 3026 levis,
931 2970 996 3032 qua
1017 2954 1087 3014 dis--

59 3063 174 3122 parente
194 3060 353 3106 cataracta
374 3048 580 3114 contractior,
600 3042 737 3120 pupilla,
760 3043 854 3120 quod⁴
874 3047 982 3104 miuor
996 3059 1080 3108 esset

61 3139 162 3213 annulo
189 3135 356 3217 pellucido
385 3141 506 3207 cincta,
536 3133 725 3195 candidior:
756 3136 813 3195 His
837 3140 882 3195 ita
909 3145 1087 3215 perstanti-¹

60 3225 354 3311 inoperationem
386 3226 615 3301 menseMajo
645 3236 718 3295 1812
751 3241 877 3305 quarto·
898 3234 1091 3307 repetituri,

60 3335 233 3382 cataractam
253 3320 376 3383 aridam
397 3318 598 3397 siliquatario,
620 3334 716 3395 quam
736 3319 916 3396 perfectam·
934 3339 971 3378 ac
991 3339 1080 3380 com·

59 3415 215 3473 minutioni
239 3414 438 3471 resistentem
466 3406 757 3488 deprehendimus,
793 3408 975 3486 deprimere
1003 3430 1088 3470 coa-⁴

61 3506 94 3561 eti
109 3524 232 3576 snmus,
265 3501 399 3582 parvulo
420 3500 456 3566 id
475 3499 677 3580 tranquillius
698 3498 833 3557 ferentes
872 3497 1089 3561 Inflammati·

59 3596 163 3656 nucula
182 3595 261 3656 inde
277 3582 349 3655 ¹orta
368 3613 446 3653 mox·
469 3593 647 3670 composita
667 3588 798 3647 oculum
826 3596 978 3651 attentius
999 3615 1092 3655 cons

60 3684 252 3762 templantes,
274 3701 463 3748 cataractam
483 3683 650 3755 resiliisse,
677 3701 714 3739 ac
732 3681 865 3759 planum
885 3683 1077 3746 inclinatum

57 3790 131 3836 retro
151 3779 307 3858 pupillam
338 3777 524 3848 formando,
553 3777 709 3833 visionem
734 3769 900 3847 inhibere,
927 3776 1080 3837 vidimus,

58 3866 182 3947 Quartus
202 3871 243 3933 ab
264 3890 303 3932 eo
322 3876 426 3953 agitur
443 3886 533 3929 nuno
551 3869 686 3939 mensis,
708 3885 774 3946 quo
794 3885 844 3924 res
866 3865 983 3926 eodem
1002 3888 1076 3948 per·

56 3977 165 4021 severat
183 3978 277 4025 statu.

86 4149 115 4218 ι)
133 4151 201 4210 Vide
218 4151 364 4227 salzburg.
379 4154 454 4207 med.
467 4144 593 4227 chirurg.¹
609 4150 734 4223 Zeitung
750 4168 778 4204 v.
794 4158 982 4221 ¹3¹0-.¹8¹¹·

78 4269 160 4316 nanu
177 4273 269 4336 script.
279 4270 433 4335 epistolas.
449 4272 551 4323 mimis
637 4281 640 4286 '
786 4256 811 4312 L
