2728 4960
258 398 479 462 licea-nn
511 406 769 463 narum-nst
798 404 904 462 neci
1030 422 1099 492 ¹95

59 577 151 637 ritum
166 571 328 633 normalia
344 568 540 636 reddantur;
561 568 680 629 autdin
694 574 822 644 minans
833 591 872 632 ea
888 563 1021 651 pennus
1041 576 1100 639 de.
1131 624 1139 635 ,

61 683 195 738 struere,
214 678 248 724 et
258 663 447 723 ulteriorem
463 660 714 740 productionem
725 663 886 743 impedire
896 666 1099 742 studeamus:

55 778 153 841 quare
167 756 242 816 talis
255 758 431 816 sanationis
440 750 612 812 methodus
626 744 837 836 nequaquam
851 756 960 817 totum
975 757 1097 824 habers

54 852 192 930 poterit,
221 866 305 928 quae
324 860 451 906 tanturn
474 845 575 904 modo
598 844 790 905 mechanico
810 846 934 925 partem
954 850 1097 931 aliquam

53 941 252 1007 substantiae
271 942 448 1018 organicae
472 936 690 1009 destruendo,
716 950 749 996 et
768 944 915 1003 insecuta
938 945 1097 1006 cicatrisas

52 1039 142 1094 done
162 1035 434 1091 extraversiotteru
462 1027 609 1088 ciliorum
638 1027 775 1088 bulbum
791 1030 878 1089 oculi
903 1034 1096 1099 irritantium

54 1122 186 1191 efficiam
217 1136 297 1180 nam
318 1122 378 1178 etsi
400 1117 448 1178 his
469 1118 688 1179 artis-auxiliis
710 1125 826 1199 reapse
847 1121 1029 1185 ciliaoculo
1044 1131 1098 1190 ini

55 1217 143 1275 fonsa
162 1219 201 1274 in
216 1212 398 1272 directione
411 1231 469 1272 sua
489 1210 642 1272 morbosa
658 1231 676 1271 a
694 1210 799 1271 bulbo
821 1213 910 1273 oculi
932 1230 1039 1275 amota
1062 1230 1097 1278 et

54 1305 168 1368 reflexa
186 1308 264 1377 sint,·
281 1316 424 1363 attamen
438 1301 502 1363 hoc
521 1303 675 1363 levamen
692 1302 864 1364 obtentum
886 1305 1098 1377 solummodo

53 1399 236 1480 proaliquo
252 1410 401 1474 tempore
412 1397 603 1476 persistens,
619 1393 744 1453 tamdiu
755 1385 878 1475 nempe
900 1395 1013 1459 haberi
1033 1406 1097 1480 pow‘⁴

53 1506 128 1564 test,
165 1489 245 1548 dum
258 1492 495 1570 tintegnmenta
515 1485 745 1567 palpebrarum
773 1492 976 1564 communia,
1008 1511 1100 1573 quae

53 1598 237 1663 praegressa
253 1577 313 1639 hac
323 1583 514 1659 operatione
529 1592 695 1638 contracta
709 1590 800 1650 sunt,
826 1597 897 1641 non
910 1586 1028 1642 iterum
1041 1604 1100 1645 re·-

53 1674 150 1734 lnrata
165 1674 306 1740 turriam
320 1690 385 1751 qua
398 1673 590 1749 operatione
599 1669 735 1729 musculi
748 1669 938 1733 or'bi'cnlaris'
950 1681 1097 1756 tarsique

52 1763 280 1846 palpebrarum
294 1764 429 1834 actioni,
451 1776 484 1820 et
495 1765 661 1822 conamini
674 1760 825 1822 validiori
840 1765 970 1824 oculum
988 1773 1103 1827 conti-‘-

53 1875 117 1917 nuo
130 1852 390 1923 occludendi,let
403 1852 477 1911 cilia
487 1850 595 1912 bulbo
616 1853 728 1913 denuo
731 1856 1043 1935 approximandi,‘
1032 1870 1100 1918 rtn·¹

52 1946 273 2027 pedimenturn
286 1941 512 2005 mechanicum
525 1949 733 2022 opponitur.
785 1981 803 2017 ‚⁴
843 1964 847 1969 ·

121 2036 216 2098 ldem
228 2034 315 2094 valet
336 2034 378 2094 de
394 2039 548 2114 eutropio
563 2055 602 2095 ex
623 2037 864 2097 deformatione
886 2050 919 2100 et
939 2052 1103 2126 corruga-

53 2131 141 2190 tione
160 2129 237 2187 tarsi
259 2126 418 2200 oriundo,
442 2144 515 2188 cum
527 2132 562 2186 in
575 2124 635 2185 hac
647 2128 755 2185 morbi
765 2130 874 2186 forma
888 2133 1015 2192 nullum
1031 2135 1103 2195 ob‘

52 2217 207 2283 naculum
225 2217 451 2279 mechanicum
481 2233 602 2279 tarsum
629 2217 727 2279 oculo
752 2218 908 2280 morbose
922 2221 1106 2285 adversum

52 2323 236 2371 constanter
249 2325 427 2379 extromum
433 2307 589 2384 flectere,
611 2322 646 2370 et
664 2307 760 2370 hanc
771 2310 1008 2373 directionem
998 2335 1033 2374 ιιι
1048 2337 1089 2382 ω

49 2400 152 2483 gradu
173 2405 367 2461 continuare
386 2400 510 2476 valeat,
539 2415 576 2461 ut
598 2400 672 2485 cilia
693 2415 726 2460 et
745 2416 863 2475 tarsus,
884 2409 1106 2468 nictitatione

49 2490 224 2572 palpebrae
246 2492 373 2554 assidua
382 2534 394 2569 ,
414 2506 485 2553 non
502 2477 680 2553 introrsum
697 2506 880 2581 vertantur,
904 2510 938 2595 et
956 2494 1090 2557 oculum

51 2584 160 2646 denuo
175 2581 366 2645 offendant.

88 2676 165 2734 Hi
179 2672 315 2735 effectus
328 2693 367 2734 ex
386 2678 455 2753 ipsa
469 2690 585 2737 natura
606 2672 712 2735 morbi
733 2686 766 2734 et
778 2672 945 2755 therapiae
963 2676 1110 2739 adbibi-

50 2782 98 2828 ιιι
118 2771 305 2827 neceesario
324 2767 465 2844 profecti
489 2788 526 2826 ec
539 2772 588 2849 vir
601 2766 746 2844 unquam
761 2765 966 2841 deficientes,
976 2772 1091 2835 *medi-⁴
1105 2788 1110 2802 ·

50 2879 112 2932 cos,
127 2857 257 2939 quibas
268 2858 422 2936 frequens
441 2862 477 2915 in
498 2862 585 2935 prasi
607 2871 677 2914 erat
694 2862 845 2929 occasio,
869 2856 929 2918 bos
947 2861 1110 2936 morbos,³

50 2951 147 3012 medo
160 2949 264 3023 haec,
301 2947 404 3009 modo
418 2947 480 3007 alia
505 2961 628 3006 mutata
649 2950 829 3006 sanationis
845 2946 1003 3013 methodo
1025 2967 1111 3015 tra

51 3042 176 3116 ceandi,
193 3042 243 3100 ad·
250 3040 325 3099 illos
340 3037 525 3099 evitandum
547 3034 788 3112 induxerunt,
777 3058 845 3099 rmo
872 3043 1027 3104 nonnulli
1047 3046 1112 3107 ad²

50 3136 152 3211 ipram
175 3131 327 3192 ciliorum
356 3134 618 3208 exstirpationem
640 3120 876 3211 confugerunt,
910 3147 944 3193 et
963 3144 1112 3199 tantum

49 3222 195 3284 laesionis
208 3227 345 3305 gravitas
357 3238 428 3282 non
441 3219 629 3301 effugienda
649 3218 710 3280 hac
723 3226 917 3300 operatione
932 3234 1091 3291 exactissi

47 3335 96 3376 me
111 3315 156 3376 ed
169 3332 316 3374 normam
330 3312 487 3385 instituta,
497 3332 599 3392 porro
608 3312 730 3372 'eodem
744 3327 891 3393 tempore
904 3326 1087 3397 necessaria
1113 3321 1117 3362 ἓ

49 3412 165 3468 excisio
179 3409 264 3467 torri
271 3404 480 3486 palpebralia,
496 3423 644 3466 necnon
657 3404 884 3486 glandularum
898 3390 1089 3470 tneibomia·
1109 3413 1117 3446 ²

47 3517 171 3572 narum,
191 3518 260 3579 qua
273 3497 461 3558 deformitas
478 3510 511 3555 et
524 3497 626 3556 laesio
647 3494 735 3554 oculi
754 3495 872 3556 morbo
891 3501 1006 3573 priore
1021 3502 1090 3561 fu'rs
1114 3528 1118 3535 ·

48 3606 114 3654 nott
124 3596 238 3652 utinm
251 3590 413 3670 producta
427 3603 485 3662 est,
502 3593 538 3648 in
552 3603 648 3648 causa
661 3587 822 3660 fuerunt,
832 3585 924 3667 quod
942 3584 1022 3650 haec
1038 3612 1089 3653 sa·

48 3690 188 3749 aetionis
200 3687 305 3757 ratio,
329 3684 389 3742 etsi
403 3679 445 3741 ab
468 3678 629 3759 aliquibus
642 3675 806 3737 interdum
827 3673 982 3754 adbibita,
1003 3700 1090 3744 nun·
1100 3680 1119 3715 ’·

48 3794 144 3855 quem
168 3791 283 3836 tamen
309 3770 352 3834 ab
379 3771 532 3833 omnibus
561 3773 718 3830 unanimo
739 3778 902 3829 consensu
921 3770 1117 3855 adoptatas

46 3871 140 3930 etin
157 3867 351 3948 catalogum
382 3868 614 3943 operationum
642 3858 931 3942 ophthalmicarum
956 3879 1090 3969 recepta
1118 3868 1123 3897 ²

43 3961 96 4033 sit,
116 3960 175 4021 sed
192 3956 432 4021 solummodo
422 3974 458 4014 ιιι
478 3972 588 4014 earum
608 3950 740 4012 historia
758 3951 868 4011 locum
888 3947 1057 4013 habeat

119 4047 248 4131 Quibus
265 4054 344 4110 ertia
362 4042 584 4108 moliminibus
608 4046 645 4102 in
661 4045 866 4102 sanationem
886 4039 1001 4117 hujus
999 4068 1089 4108 mora

41 4137 96 4215 bt,
122 4163 144 4202 e
159 4144 249 4205 laeta
270 4143 523 4222 organisationis
534 4137 638 4195 forma
652 4137 723 4205 orti,
738 4131 864 4213 absque
874 4138 1088 4205 omtti··iructu

757 4240 827 4299 Nn
