2722 4956
258 364 303 430 a2
500 364 852 426 acaunensium
885 380 1068 426 ausoris

262 538 379 599 externi
407 502 612 625 eondltlones,
647 536 788 613 adspectu
814 540 895 616 elus,
929 540 1045 599 retineo
1079 539 1157 599 tatic
1184 539 1310 618 pettam

259 645 293 696 et
312 635 423 714 absque
443 635 560 696 residuo
581 635 710 694 indiuisa
733 635 897 714 bipartitur.

718 825 750 900 ξ.
795 823 845 886 10.

411 948 579 1012 miodo
604 970 620 1011 e
649 951 851 1011 caloribus
879 955 1133 1017 restituenda.

204 1150 208 1156 ·
258 1162 263 1166 .
348 1104 414 1167 Jem
435 1118 568 1168 revertor
590 1107 629 1165 ad
649 1126 733 1182 cam,
762 1125 848 1184 qnam
868 1110 1002 1189 superius
1028 1127 1200 1184 moveram,
1231 1127 1313 1188 qnae·

260 1206 387 1267 ationem
409 1206 446 1265 de
465 1207 653 1267 restitutione
668 1205 811 1267 albedinis
830 1227 845 1264 c
864 1210 992 1284 cujusvis
1013 1208 1123 1266 eoloris
1146 1228 1220 1267 cnm
1243 1229 1313 1268 cosa·

259 1307 410 1383 plemento
437 1325 491 1364 sno
519 1305 784 1384 coagmentatione.
833 1304 882 1365 Ex
908 1307 962 1380 iis,
997 1325 1071 1384 qnae
1093 1305 1186 1366 modo
1223 1309 1314 1381 attuli,

260 1414 360 1481 patet,
381 1405 464 1491 illrpn
485 1401 620 1465 effectum
642 1404 706 1461 dari
727 1421 787 1460 non
808 1421 906 1480 posse,
927 1404 978 1465 ubi
1001 1407 1115 1464 colores
1137 1405 1203 1481 ipsi
1225 1406 1314 1485 nigri·

260 1502 386 1577 cabant,
414 1504 433 1566 i.
452 1522 477 1565 e.
501 1502 552 1563 ubi
573 1504 651 1563 ectio
672 1501 786 1563 rosinae
807 1501 946 1578 bipartita
967 1502 1113 1561 residuum
1136 1501 1272 1563 babebat
1290 1514 1315 1562 et

259 1601 419 1661 indivisum
446 1611 477 1657 et
504 1600 656 1673 feriatum,
692 1601 798 1677 quippe
824 1600 902 1677 quod
929 1599 1141 1659 obscuritatem
1170 1602 1314 1678 quandum

260 1701 375 1780 gignit,
403 1716 458 1755 nec
480 1699 688 1776 conjunctione
710 1700 841 1756 colorum
863 1700 1039 1773 tollendam,
1067 1709 1097 1755 et
1125 1701 1259 1776 proinde
1279 1701 1314 1758 ci·

250 1816 381 1857 ⁴nereum
401 1794 529 1857 efficeret
556 1797 694 1860 colorem.
735 1790 806 1857 'Ast
834 1796 886 1855 ubi
914 1800 1028 1856 colores
1056 1795 1246 1857 adhibentur
1271 1809 1314 1857 rut

262 1896 462 1978 vegetissimi‚
493 1894 513 1957 i.
538 1913 563 1956 e.
594 1895 644 1972 qni
672 1897 787 1953 retinae
815 1898 961 1955 actionem
989 1895 1098 1973 ubsque
1123 1895 1252 1954 residuo
1275 1895 1314 1953 bi·

260 1996 411 2074 partiunt,
433 2001 485 2052 eut
503 1993 624 2070 pelliti,
645 1994 665 2057 i.
689 2014 715 2057 e.
739 1995 790 2072 qni
811 1995 959 2055 residuum
980 1990 1106 2053 actionis
1129 1994 1255 2053 retinse
1273 1995 1314 2053 in·

259 2093 387 2153 divisim
408 2086 540 2169 quidem,
569 2092 620 2149 sed
641 2093 769 2151 activum
789 2093 935 2169 reliquum
955 2092 1085 2166 faciant,
1114 2100 1211 2167 tnnc,
1234 2113 1252 2150 e
1270 2111 1313 2152 rs·

258 2193 342 2252 tione
363 2191 478 2269 quidem
499 2199 618 2271 nosue,
645 2190 765 2269 minime
787 2189 904 2253 dublum
924 2191 1087 2269 est,'·quin
1110 2210 1150 2249 ex
1175 2190 1313 2268 eiusmodi

258 2293 391 2351 coleram
414 2288 670 2367 coagmentatione
692 2290 863 2366 recomponi
878 2291 974 2364 possit
994 2290 1074 2348 actio
1095 2289 1221 2349 retinae
1243 2293 1312 2349 inte·

258 2406 332 2469 gra,
361 2404 435 2465 qnae
457 2385 565 2444 efficiat
585 2387 806 2463 impressionem
828 2389 903 2445 lucis
925 2389 1035 2466 ipsius,
1066 2387 1131 2445 sive
1159 2389 1311 2450 albedinis

150 2526 156 2535 -
256 2486 395 2561 Etenim,
424 2493 458 2543 ut
486 2486 620 2563 exemplo
649 2503 763 2563 qnoque
793 2493 824 2544 et
849 2485 975 2547 lormnle
1002 2484 1082 2546 istud
1110 2495 1190 2545 ante
1220 2489 1311 2547 oculos

258 2598 383 2665 poam

301 2720 403 2782 Ruber
421 2720 505 2780 colar
523 2744 570 2775 =
589 2718 724 2799 integrae
744 2720 855 2778 actiani
873 2719 991 2779 retinas
1014 2752 1051 2764 -
1072 2720 1167 2780 viridi
1190 2724 1289 2783 colore

285 2819 398 2879 Viridis
420 2821 504 2878 color
524 2844 570 2876 =
591 2820 728 2898 integrae
743 2818 855 2877 aetiam
875 2819 990 2877 retineo
1015 2850 1053 2864 -
1076 2819 1170 2880 mbro
1196 2824 1294 2883 calm

258 2964 570 3042 Bubul-viridis:
590 2968 726 3045 integrae
747 2966 858 3053 actioni
877 2966 991 3025 retinae
1010 2989 1056 3019 =
1075 2966 1152 3023 lucie
1192 2968 1309 3045 impres·

910 3063 989 3123 sioni
1008 3087 1054 3118 =
1074 3063 1222 3129 albedini,

257 3197 331 3260 Cum
358 3208 457 3260 autem
484 3200 522 3261 ad
549 3199 684 3261 affectum
709 3199 886 3275 devenitur,
916 3216 966 3257 res
993 3199 1048 3258 illa
1080 3200 1168 3258 nulle
1197 3199 1308 3279 quiin

256 3301 400 3378 premitur
421 3299 607 3375 difficultate,
636 3298 830 3358 siccioribus
852 3314 931 3356 mers
950 3295 1166 3377 physiologicis
1188 3300 1307 3359 nti-rr:

255 3412 285 3462 ν’.
307 3408 338 3478 g.
368 3399 412 3474 si,
438 3411 506 3477 post
527 3400 694 3477 adspectum
716 3399 845 3457 colorem
865 3396 1008 3473 aliquem,
1034 3397 1137 3456 oculor
1162 3399 1200 3457 iss
1224 3400 1308 3459 sliu

256 3498 402 3572 colorem,
429 3502 673 3576 complementum
695 3499 759 3573 ejus
780 3493 971 3567 efficientem,
991 3492 1120 3574 ligimus,
1141 3504 1220 3556 tune
1240 3516 1309 3557 neu·
1358 3566 1359 3569 Ἴ

255 3604 334 3655 bunt
354 3598 493 3657 intuitum
516 3605 663 3674 spectrum
681 3595 874 3672 subsequetur
889 3590 1134 3674 physiologieuna.
1172 3594 1240 3655 Sed
1260 3595 1309 3654 bs·

254 3680 384 3772 jusmodi
410 3698 639 3774 experimentum
674 3714 754 3754 mere
786 3693 956 3773 negativum
988 3708 1089 3767 mrum
1122 3693 1244 3753 valebit
1276 3691 1309 3753 nd

255 3795 448 3871 evidentiam,
477 3793 516 3854 ad
539 3812 626 3871 qnam
649 3793 764 3870 quidem
785 3794 874 3870 plene
897 3788 1104 3877 conferendus
1124 3808 1204 3866 opus
1224 3793 1308 3867 tu«,

255 3902 290 3951 ut
313 3896 439 3953 aetionis
463 3894 580 3953 retium
607 3891 767 3969 bipartitae
791 3898 891 3966 partes
913 3888 1015 3946 ambre
1042 3889 1133 3946 simul
1155 3901 1190 3949 et
1212 3902 1307 3953 tun

256 3994 435 4072 segregatim
456 3995 494 4053 ad
515 3993 662 4052 actionem
685 3989 905 4049 suscitarentur.
948 3985 1035 4054 Quot
1060 4005 1131 4046 vera
1154 4009 1225 4050 eun
1246 3989 1306 4050 fissi

256 4089 307 4148 rix
327 4101 381 4151 aut
399 4111 439 4152 ne
459 4094 512 4152 vix
533 4090 648 4170 quidem
669 4088 777 4166 possit,
795 4084 852 4145 boc
872 4090 960 4147 certe,
972 4085 1151 4162 requiritur,
1176 4099 1214 4149 ut
1232 4089 1303 4148 tn·

255 4202 362 4246 masec
390 4199 547 4266 emersae,
577 4208 652 4269 quse
672 4187 811 4267 singulae
831 4183 865 4242 in
886 4183 1001 4242 culam
1023 4195 1148 4263 agentes
1179 4190 1299 4248 amor·
