2752 4960
229 366 270 415 ιιι
297 366 450 416 vaauen
475 371 761 418 nacnsusnruu
786 371 940 420 ιιοιιιι.
1045 356 1107 424 165

60 524 153 597 tuso,
178 529 271 589 eoque
291 515 409 594 guttula
427 512 549 589 liquoris
569 509 705 571 Bellostii
724 491 870 586 morato,
900 531 954 591 per
972 511 1106 597 periera-

57 622 124 671 tarn
143 630 257 691 pennae
277 612 398 669 minoris
420 611 533 668 caulem
554 612 726 683 transmisso
755 622 786 669 et
805 608 938 688 partibus
960 612 1105 670 concretis

57 712 169 768 iterata
195 709 262 768 viee
289 708 426 782 admoto,
455 707 557 767 eadem
584 697 647 767 fere
673 711 804 783 ratione,
834 727 891 784 qua
912 707 1058 768 Hunter
1074 709 1102 785 ι)

56 809 98 867 ιιι]
120 807 265 867 curandas
286 800 435 877 urethrae
446 807 649 885 concretiones
669 817 791 891 argento
815 798 923 865 uitrico
944 806 1010 865 fuso
1030 826 1101 865 usus

57 916 115 969 est.
160 902 315 978 Ceterum,
337 907 363 963 si
379 906 466 982 paulo
483 878 682 975 veliementior
700 915 746 963 est
760 905 887 962 irritatio
905 907 1103 964 caustioorum
1165 978 1174 993 l

55 1024 116 1063 usu
142 1003 311 1081 producta,-
333 1004 446 1079 aliquot
473 1021 566 1081 aquae
596 1005 655 1078 opii
682 1005 731 1061 vel
752 1002 945 1082 olei'amygd.
967 1004 1102 1091 guttulam
1198 1080 1200 1085 Ι

55 1101 209 1161 sufficient
229 1102 267 1160 ad
287 1103 367 1158 illam
387 1101 586 1181 mitigandam
631 1096 665 1158 si
684 1119 785 1159 narem
813 1101 913 1181 attigit
940 1102 1101 1176 specillum,

54 1219 112 1293 per
133 1201 246 1279 aliquot
265 1198 353 1261 horas
381 1199 483 1259 (luctui
503 1201 598 1263 nauali
617 1180 787 1273 inhaereat,
813 1208 971 1326 antequam
994 1197 1103 1258 chorda

54 1278 223 1360 inducatur.

561 1429 592 1497 9.

98 1594 102 1605 .
144 1547 203 1616 aut
232 1555 385 1624 praeterea
418 1547 516 1605 locum
547 1543 656 1604 habent
687 1551 828 1617 eventus,
868 1498 942 1621 nuos
969 1545 1101 1622 plerique

55 1644 218 1720 scriptores
240 1645 405 1722 operationi
436 1640 599 1703 acinarios
632 1658 697 1700 esse
723 1641 921 1717 arbitrantur,
960 1661 1101 1719 qnolrsum

8 1788 10 1795 .
54 1742 291 1824 haemorrhagia‚
313 1743 529 1821 convulsiones,
550 1740 722 1820 lipothymia
738 1725 885 1816 spectant,
905 1758 956 1797 eos
974 1739 1100 1799 hicnon
1186 1744 1189 1749 ’

53 1842 252 1902 recensendos
278 1832 409 1919 pluribus
438 1852 503 1898 esse
529 1851 619 1915 puto,
652 1858 719 1897 cum
739 1840 902 1898 nonsitorii
922 1840 995 1903 sint,
1033 1837 1101 1897 Hoc

54 1951 173 2000 tantum
200 1958 324 2014 moneo,
359 1930 613 2018 haemorrhagian
634 1956 650 1995 e
671 1939 750 1995 sacci
769 1937 941 2016 lacrymulis
957 1937 1099 1994 incisione

52 2049 153 2098 ortam
172 2038 281 2096 nullius
300 2038 448 2097 momenti
460 2046 543 2111 esse,
570 2033 727 2111 dummodo
747 2036 814 2092 loe'o
835 2044 906 2110 apto
927 2052 1031 2093 saccus
1052 2035 1098 2092 in·

52 2138 135 2196 eisus
158 2136 256 2195 inerit.

400 2376 757 2403 -—-----—-
811 2378 818 2401 ι

434 2488 746 2641 C snunlss.

71 2683 221 2764 Defs'l
225 2689 334 2797 iper
354 2689 448 2752 vias
476 2658 729 2770 lacrymarer
751 2686 986 2768 transjecti
1004 2707 1076 2781 ιιιιι

393 2798 513 2876 etque
535 2788 760 2854 commodis.

469 2962 682 2983 m—

146 3066 231 3135 Quae
262 3077 330 3143 post
355 3066 399 3127 fili
425 3085 479 3144 por
505 3076 620 3126 mestus
647 3066 819 3144 laerymales
847 3068 1098 3127 transmissionem

46 3167 81 3223 in
106 3165 263 3251 ulterioris
291 3184 381 3224 curse
404 3167 530 3247 gratiam
555 3184 645 3224 manu
664 3165 767 3242 parari
785 3163 907 3240 debent,
941 3186 976 3224 ea
995 3167 1097 3243 paucis

46 3261 212 3324 absolvam.
240 3260 307 3321 Uti
327 3264 461 3323 enimsi
483 3267 593 3322 setseei
611 3273 699 3341 atque
715 3264 860 3344 ligaturae
878 3264 1096 3322 similitudinem
1162 3312 1166 3320 .

45 3360 92 3418 fili
121 3377 193 3418 usus
220 3371 405 3439 comparatus
434 3372 481 3420 est
507 3372 606 3437 totus,
643 3364 686 3420 ita
712 3363 745 3418 in
770 3381 830 3421 una
855 3366 918 3439 ejus
943 3372 1097 3439 protra-

46 3459 185 3516 ctione
212 3467 301 3538 atque
330 3461 590 3520 adstrictione
620 3457 797 3518 encheiresis
829 3462 923 3518 omnis
951 3470 1096 3531 versatur,

46 3555 139 3626 Quod
167 3560 239 3614 vero
267 3559 414 3616 nonnullis
441 3560 569 3634 placuit,
595 3559 733 3616 nimirum
758 3568 792 3616 nt
809 3562 896 3636 juxta
916 3556 998 3616 iiluna
1019 3541 1098 3616 sacci

44 3655 228 3714 νιιΙιιιιιιιιΙο
255 3656 444 3715 turundulam
464 3659 605 3730 linteam,
635 3665 787 3734 unguento
808 3658 905 3735 aliquo
928 3655 1097 3731 obductam,
1196 3697 1201 3703 -

44 3754 262 3826 immitterent,
283 3764 398 3814 tantum
419 3753 517 3828 abest,
544 3765 579 3812 ut
599 3755 642 3811 illi
662 3755 795 3830 plausum
817 3754 943 3829 demus,
968 3764 1002 3812 ut
1020 3752 1099 3812 hane

44 3851 335 3913 administrationem
363 3856 497 3927 inutilem
525 3862 614 3933 atque
640 3848 817 3930 superfluam
841 3854 906 3911 esse
923 3852 1096 3930 judicemus.

84 4087 118 4156 1)
138 4086 456 4227 Xpn1pgn⁷venerischen
472 4028 660 4145 Krsnkheiten.
684 4089 795 4145 Uebers
814 4105 862 4144 sus
880 4089 905 4143 ι]
919 4018 996 4158 Engl
1018 4088 1097 4159 Leip-
