2762 4960
1064 456 1124 507 vn

81 633 153 681 non
179 604 361 680 dabitur
384 578 579 681 'Sermone
604 634 691 682 usus
715 633 797 682 sum
827 590 961 702 latino,
994 633 1126 713 utpote

80 738 291 841 plurimum
309 743 404 813 inter
416 741 514 813 viros
533 744 758 817 doctissimos
775 765 877 836 noto,
894 772 1014 846 quare,
1030 772 1124 850 quae

80 881 149 951 alio
162 864 528 974 conscriptaeerant'
540 880 879 971 commentationes,
904 884 943 955 iu
957 884 1124 962 'latinum

80 1013 219 1087 idioma
236 1012 420 1100 transtuli,
445 1030 488 1083 ut
509 1014 642 1109 partim
660 1016 780 1109 operis
803 1042 851 1088 ex
869 1035 949 1091 toto
975 1046 1047 1094 una
1071 1022 1124 1096 fa·

80 1116 150 1222 cies
168 1168 207 1221 et
223 1150 338 1246 'quasi
357 1147 506 1240 habitus¹
520 1166 622 1234 esset,
646 1148 781 1244 partim
805 1155 936 1224 exteris
959 1157 1122 1248 medicis,

83 1284 143 1378 qui
159 1284 391 1381 germanicae
407 1282 622 1354 eruditionis
639 1283 764 1377 cupidi
778 1302 873 1373 sunt,
888 1286 1004 1361 facilis
1019 1309 1123 1363 uten-

82 1416 116 1488 di
132 1420 224 1491 ratio
241 1428 366 1514 parata
385 1409 494 1489 foret
514 1448 518 1457 ·
544 1418 705 1489 Indicam
717 1417 866 1510 subjeci
884 1446 995 1517 quam
1019 1427 1123 1498 locu·

83 1553 347 1647 pletissimum,
373 1551 448 1648 quiv
461 1569 621 1647 receptas
644 1554 966 1628 commentationes
985 1563 1123 1657 ample-

87 1688 208 1777 ctitur,
234 1684 457 1782 facilemque
477 1704 713 1782 conspectum
731 1704 769 1758 et
790 1712 897 1761 usum
920 1693 1056 1783 reddit,
1082 1713 1123 1771 et

84 1846 204 1917 spero,
229 1822 333 1907 fore,
358 1834 402 1892 ut
427 1821 705 1919 sic,·aliquibus
726 1823 976 1896 voluminibus
1001 1829 1120 1921 editis,

83 1957 170 2029 baec
192 1957 295 2055 quasi
318 1956 442 2029 tabula
466 1981 546 2029 rem
563 1957 760 2030 oculariam
784 1958 997 2033 brevissimo
1023 1934 1121 2037 com·

84 2093 219 2187 pendio
253 2092 438 2163 uberrime
468 2090 581 2164 etiam
611 2090 774 2166 fontium
807 2093 964 2168 ratione
983 2095 1118 2189 habita,

85 2228 265 2331 depictam
294 2227 474 2309 exhibeat

87 2372 95 2385 ”
160 2335 384 2460 Scriptorum
416 2388 523 2436 suum
539 2365 684 2462 cuique
699 2388 896 2464 *genusque
913 2371 1119 2466 proprium

84 2497 246 2589 dicendi,
269 2510 448 2596 quantum
473 2498 554 2572 fieri
580 2501 722 2595 potnit,¹
748 2503 907 2592 servavi,
933 2484 1009 2575 nec
1026 2507 1119 2578 mihi

84 2602 229 2729 permisi
258 2604 478 2705 mutationes
515 2632 656 2722 facere,
671 2669 677 2675 ·
691 2636 767 2708 nisi'
796 2635 863 2706 ubi
895 2638 1024 2708 calami
1056 2657 1120 2711 aut

86 2771 302 2865 typographi
335 2771 427 2866 lapsi
456 2794 532 2842 esse
560 2769 788 2839 viderentur.⁴
840 2772 884 2839 In
914 2769 1117 2844 adnotatio-

85 2874 209 2994 nibus,
251 2930 338 3002 quas
371 2906 499 3001 paucas
532 2902 690 2997 subjeci,
710 2927 851 3001 parcus
879 2928 1025 3002 quoque
1051 2908 1118 2996 fui,
1179 2917 1183 2923 ’

85 3043 266 3138 quianon
281 3052 408 3131 meas,
436 3042 498 3112 sed
523 3016 712 3112 auctorum
737 3038 1016 3112 clarissimorum
1040 3023 1118 3114 sen·

83 3178 213 3248 tentias
237 3178 349 3273 paulo
374 3172 555 3249 faciliores
580 3176 730 3272 cognitu
754 3172 951 3246 lectoribus
962 3178 1116 3257 ·‹tradere

84 3312 207 3396 volui3
246 3311 361 3385 libros
378 3312 574 3384 'interdum
601 3309 728 3399 citari,
760 3309 860 3380 unde
886 3311 949 3382 vel
972 3311 1118 3407 plenior

82 3447 135 3519 rei
164 3434 335 3520 tractatae
361 3446 575 3519 informatio
600 3424 737 3518 bauriri
765 3444 880 3541 possit
907 3442 1116 3535 lectoribus,

82 3585 147 3654 rel·
175 3600 368 3656 auctorum
401 3582 598 3655 sententiae
632 3599 683 3652 et.
707 3577 963 3676 experimenta.
987 3580 1118 3653 confir·

84 3736 229 3791 mentur
256 3735 319 3789 aut
343 3715 560 3789 refutentur.
611 3714 886 3803 Dedicationes‚
919 3738 1011 3811 quae
1037 3717 1118 3812 qui·

84 3852 232 3925 busdam
258 3851 568 3925 dissertationibus
588 3832 771 3949 praefixae
796 3867 906 3938 erant,
934 3849 982 3920 ob
1009 3851 1116 3947 spatii

80 3990 277 4086 angustias,
296 3984 444 4061 ‘servato
467 3987 726 4077 tantum‘viri,
751 3986 823 4059 o'ui‘
838 3986 975 4059 dicatae
1001 4002 1115 4073 erant,

83 4127 260 4214 nomine,
275 4125 393 4197 omisi.
459 4158 461 4163 ·
