2728 4960
125 392 129 409 '
221 391 406 473 Jancasn
438 413 922 463 narr-nnaronrxtnn.
1013 398 1083 495 169

133 568 171 628 Su
174 567 328 629 ffi'clentia
346 566 470 628 hislide
491 573 651 630 ennaratis
672 569 848 632 dixissesne
869 571 1017 646 arbitror,
1038 592 1084 646 ut,

17 657 172 755 quibus
190 664 359 740 sequentia
382 658 584 732 confirmem,
612 659 758 722 habeam.
797 665 874 725 Esto
895 685 972 725 vero
992 665 1084 740 haec,

76 766 103 810 ut
117 752 331 829 perfunctorio
352 751 484 819 solum
475 756 595 811 intuitu
614 752 710 812 facile
728 755 842 834 liquet,
862 755 1104 839 keratonyxidi‘

74 844 186 900 minime
205 842 375 914 faveam,
366 865 432 903 nno
452 846 560 920 potius
582 848 775 903 contrarium
799 846 839 905 ab
860 845 953 924 hujus
974 850 1089 910 defen·
1100 866 1106 894 '·

75 931 179 992 toribus
208 932 355 1016 allegati,
384 932 543 1012 probent,
577 952 614 993 ac
641 934 680 993 ab
707 935 1087 1018 ulterioribusqpericulis

75 1025 173 1085 multos
190 1026 333 1085 fortassis
352 1025 512 1104 repellere
532 1024 630 1104 magis
650 1025 770 1087 idonea
786 1035 953 1104 evaserint,
973 1032 1088 1092 iisdem

53 1106 166 1175 'tamen
184 1115 446 1198 keratonyxidem
472 1118 614 1175 manuali
638 1121 673 1176 in
699 1115 860 1177 medicina
884 1140 954 1181 non
983 1124 1089 1184 solum

17 1210 18 1263 ἶ
75 1213 165 1288 magni
182 1211 350 1280 momenti,
371 1211 591 1267 verumetiam
613 1208 757 1286 ejusdem
776 1209 872 1285 juris,
900 1229 965 1290 quo
991 1210 1106 1274 ertram
1191 1216 1198 1229 l

78 1303 127 1358 ctio
140 1299 347 1361 reclinatiove
361 1298 515 1379 gaudent,
526 1318 631 1378 aeque
640 1299 771 1380 dignam
780 1321 859 1374 esse,
879 1301 987 1360 Buch
997 1302 1016 1360 h
1025 1326 1045 1365 o
1054 1329 1092 1365 r·

75 1392 239 1469 niumque‘
250 1411 303 1464 eo,
325 1388 512 1472 quodhanc
529 1387 682 1450 oblivioni
698 1395 864 1469 eripuerit,
882 1408 1005 1473 gratum
1021 1415 1091 1456 om·

76 1485 148 1540 nium
167 1487 316 1542 animum·
329 1486 446 1542 mereri
453 1523 464 1555 ,
495 1481 716 1542 demonstrare
742 1482 820 1542 mihi
849 1505 942 1563 posse
969 1488 1092 1549 videor.

77 1572 149 1632 Haec
173 1579 261 1633 enim
288 1586 476 1632 cataractam
504 1574 662 1652 operandi
694 1572 866 1634 methodus
896 1584 946 1637 sui
969 1579 1095 1640 techni·

80 1669 148 1724 osmi
166 1666 382 1744 simplicitate,
404 1662 537 1725 artificio
558 1662 710 1737 delinito,
733 1665 888 1725 violentia
907 1676 1093 1754 perexigua,

79 1757 323 1818 incommoditate
337 1776 397 1834 pro
411 1760 557 1834 patiente
568 1758 699 1827 minima
714 1774 791 1831 prae
806 1763 937 1818 caeteris
956 1780 990 1819 se
1008 1781 1096 1821 com-

78 1847 208 1922 mendat,
230 1868 269 1907 ac
288 1851 350 1906 nisi
376 1868 472 1908 coeco
493 1846 659 1907 obsessum
679 1843 809 1921 affectu,
831 1853 1024 1930 eguisticavo
1043 1873 1095 1912 re·

76 1930 182 1999 tentum
209 1943 434 2014 contumacia,
468 1959 540 2000 suas
574 1956 739 2020 quemque
765 1943 801 2000 in
825 1954 933 2018 partes
958 1946 1094 2002 transire

77 2032 158 2111 cogit.

138 2121 291 2202 Campum
312 2146 387 2187 vero
408 2125 456 2185 illi
483 2124 673 2203 ampliorem
703 2144 744 2185 eo
772 2130 974 2186 extractionis
1002 2127 1097 2186 recli-

78 2215 237 2275 stationisve
257 2215 422 2277 vindicare
441 2215 747 2296 valoremqueejus
767 2218 896 2292 majoris
916 2223 1096 2292 aestimare,

78 2299 165 2376 nefas,
182 2309 262 2384 quin
281 2310 388 2383 potius
410 2306 599 2367 arctioribus
621 2307 702 2368 haec
722 2313 951 2391 constringitur
971 2312 1099 2372 cancel·

76 2389 124 2467 lis,
149 2402 205 2457 rite
232 2410 341 2456 autem
359 2396 502 2458 indicata
521 2413 693 2480 utramque
720 2414 752 2459 et
778 2400 830 2459 vel
848 2404 1023 2479 praecipue
1044 2423 1098 2461 ex·

77 2491 246 2549 tractionem
265 2487 362 2568 longe
381 2492 502 2565 praeit,
529 2511 746 2570 successuque
766 2512 832 2572 quo
854 2509 1030 2553 coronatur
1048 2514 1099 2553 se·

78 2576 181 2651 cundo,
202 2584 430 2658 praestantiam
451 2579 583 2640 abunde
604 2585 731 2642 evincit.
776 2584 833 2642 Ast
854 2582 957 2641 ethic
978 2589 1097 2657 evenit,

80 2667 156 2743 quod
184 2686 324 2732 aetatem
354 2686 499 2732 nostram
529 2676 648 2750 passim
676 2672 796 2732 adurit:
829 2692 1099 2754 unumquemque

78 2759 182 2822 scilicet
209 2777 348 2824 extrema
375 2776 500 2822 tantum
518 2766 648 2837 venari,
668 2755 726 2824 sua
746 2768 842 2824 unice
866 2769 979 2823 merita
999 2785 1102 2846 agno·
1086 2796 1111 2812 -›

78 2867 163 2923 scere,
183 2853 291 2917 aliena
312 2871 532 2927 contemnere,
554 2873 673 2933 eoque,
687 2856 778 2936 quod
797 2860 939 2917 tenuisse
958 2855 1102 2929 beatum,

80 2959 163 3005 attreo
183 2966 202 3005 a
218 2938 330 3007 medio
352 2946 525 3015 aberrare„
551 2944 617 3023 Qui
636 2950 735 3026 igitur
759 2948 880 3025 majora
910 2967 948 3008 ex
972 2948 1102 3010 keratoss

78 3036 179 3113 nyxide
197 3036 388 3141 postularet,
409 3056 446 3096 ac
461 3056 499 3096 ea
510 3045 666 3115 praestari
684 3051 829 3116 possunt,
851 3042 907 3118 qui
924 3044 959 3098 in
973 3030 1113 3121 agendo'

79 3123 277 3201 sphaeram
248 3148 317 3205 elus
336 3127 520 3199 transcedit,
532 3142 643 3187 semet
659 3132 764 3219 ipsum
786 3130 922 3203 deludit,
944 3132 1022 3193 alios
1042 3134 1103 3193 fal·
1121 3175 1124 3181 -

76 3211 116 3289 lit,
135 3236 230 3302 atque
249 3227 286 3280 in
305 3225 471 3280 veritatem
491 3233 524 3277 et
545 3234 644 3279 artem
666 3237 790 3300 peccat.
814 3223 923 3303 Quare
945 3224 1044 3318 bona,
1066 3239 1103 3283 ut
1139 3237 1142 3242 ’

79 3309 286 3384 proficiant,
262 3333 289 3372 st
303 3324 395 3388 optat
408 3324 541 3372 naturae
558 3317 718 3388 curiosus,
739 3330 856 3394 pacato
878 3315 919 3375 ad
934 3310 1103 3379 scientiam

79 3401 317 3484 prorogandam,
338 3405 586 3484 arrogantiaque
605 3408 697 3482 privo
723 3406 856 3466 accedat
881 3408 1008 3485 animo,
1029 3425 1103 3477 nec,

80 3498 233 3571 proprium
248 3493 420 3572 deperiens
437 3509 591 3575 gnatum,
606 3493 699 3571 hujus
715 3494 952 3574 praetervideat
971 3513 1103 3568 naevos,
1145 3562 1150 3566 ,

17 3614 19 3619 ,
79 3597 133 3640 nec
147 3585 280 3646 aliorum
296 3606 365 3646 non
381 3600 491 3645 cernat
504 3591 645 3644 virtutes.

143 3674 387 3759 Keratonyxidis
395 3720 405 3749 ,
425 3680 601 3745 continuae
614 3682 767 3736 materiae
783 3678 927 3737 animalis
941 3690 1104 3763 permuta

82 3763 172 3824 tioni
164 3773 347 3843 insistentis,
366 3767 602 3841 technicismus,
625 3788 665 3828 eo
679 3771 786 3827 unice
783 3769 905 3842 tendit,
921 3783 957 3827 ut
971 3759 1078 3853 hanc
1069 3790 1105 3828 ιιι

81 3848 161 3913 lente
181 3860 341 3937 expediat,
365 3875 479 3940 atque,
502 3856 675 3931 submotis,
702 3864 728 3919 si
750 3879 834 3940 quae
856 3861 984 3921 obicem
1003 3880 1107 3938 pone·

81 3958 156 4020 rent,
170 3949 438 4037 impedimentis,
431 3949 606 4012 absolvil
573 3971 590 4011 e
592 3949 691 4069 fficiat
708 3953 748 4026 ¹.)
780 3952 853 4012 Hoc
867 3951 1106 4034 keratonyxidis

82 4071 388 4096 κη’-..-

112 4131 139 4199 1)
156 4136 315 4196 [Patstinde
324 4138 536 4215 clb.Jaegerum
542 4142 574 4198 in
587 4141 746 4224 adhibendo
757 4100 1107 4219 lteratonyridisnomine,
