2666 4946
272 376 349 449 ‚idi
552 374 680 439 Heus,
699 370 789 438 Cras.
810 374 874 440 Eo.
897 374 1081 435 lircnrnn

284 549 401 612 morbos
429 544 677 621 intermittentes,
703 561 779 623 quse
806 544 883 607 nibli
909 548 988 608 inter
1018 567 1050 607 ee
1078 545 1228 623 diii'nrm,
1243 551 1276 609 aii

283 658 430 728 ternpore,
454 665 512 724 quo
534 655 657 723 uterque
677 643 796 703 morbus
817 643 999 715 adventaret.

368 746 417 807 Ex
436 762 510 804 rues-
528 743 645 821 quidem
674 743 868 819 qualicunque
893 744 1045 803 sententia
1070 745 1115 802 its
1141 746 1276 805 instituas

283 864 346 904 rens
371 862 493 903 neeesse
521 850 585 916 est,
613 842 779 899 accuratius
805 838 1018 929 hemernlopiee
1046 854 1179 904 naturam
1197 846 1277 920 inquii

193 1006 196 1015 ,
282 945 359 1017 turi,
394 952 429 1001 ut
455 943 580 1018 prinum
606 940 699 1016 ipsine
726 937 822 1001 morbi
848 948 974 1015 statum,
1006 944 1124 1020 qirulem
1150 942 1278 1020 experieris

281 1042 368 1100 nobis
390 1038 572 1114 exhibuerit,
600 1039 808 1101 examinemus.
859 1036 975 1096 Scimus
996 1050 1097 1099 autern
1117 1039 1169 1099 bac
1187 1043 1278 1098 ninim

282 1138 465 1215 experientia
486 1126 600 1210 edocti,
628 1138 713 1194 nullo
734 1135 851 1213 quidem
873 1135 1001 1196 inveniri
1030 1141 1217 1216 permanentis
1237 1157 1278 1196 oes-

280 1239 377 1298 lerunt
397 1236 618 1302 deformationis
634 1242 834 1312 symptomata
855 1233 1010 1311 obiectiva,
1030 1255 1134 1297 verum
1150 1238 1277 1295 ctiantsn

281 1352 369 1415 quarn
389 1343 561 1412 perpetuum
582 1342 744 1410 symptome
766 1330 910 1391 deiectum
932 1336 1078 1412 quendem
1097 1338 1177 1395 visus
1191 1337 1217 1392 in
1229 1344 1278 1392 tere·

280 1434 361 1510 bris,
387 1432 458 1492 dum
483 1432 530 1491 die
558 1446 680 1509 prorsus
714 1431 834 1509 integra
862 1432 903 1490 sit
927 1426 1048 1491 riden'di
1073 1433 1205 1494 facultas.
1241 1431 1276 1489 iu

279 1550 352 1592 vero
371 1547 445 1609 opus
465 1535 525 1605 est,
552 1539 588 1588 ot
608 1532 640 1588 in
659 1527 716 1587 buc
737 1516 779 1588 re*
791 1530 1011 1605 constitnends,
1037 1532 1120 1609 qnod
1140 1532 1230 1609 ubique
1243 1530 1277 1587 len

279 1630 353 1709 prob
375 1626 474 1689 dolori
504 1630 553 1707 qui
574 1628 610 1686 de
631 1626 688 1686 boo
712 1626 814 1686 morbo
834 1628 945 1706 sliquid
972 1630 1180 1704 observarent,
1204 1628 1277 1687 onnus

191 1788 196 1797 ,
279 1728 484 1808 neglexerint,
512 1725 658 1803 duplicem
679 1729 744 1802 ejus
764 1724 887 1785 formam
907 1744 1114 1803 secernamus,
1142 1725 1277 1806 quarund

223 1823 227 1833 '
279 1837 346 1886 tera
365 1827 399 1884 in
421 1826 564 1902 ejusmodi
591 1826 688 1905 aegris
715 1825 814 1882 locunt
838 1820 943 1900 babet,
977 1827 1028 1905 qui
1056 1827 1109 1887 die
1135 1821 1277 1905 quidenni

279 1927 384 2003 quavis
405 1923 591 1998 conditione,
619 1932 713 1984 noctu
739 1931 838 1980 temen
864 1925 948 1983 nullo
969 1932 1079 2002 paeto,
1107 1944 1146 1983 ne
1170 1922 1278 2000 lunrqsi

280 2025 346 2084 dem
358 2024 499 2102 'fulgente
521 2031 573 2080 aut
594 2020 726 2080 candelis
748 2022 902 2096 senensis,
932 2025 1085 2084 oculorum
1108 2019 1278 2083 lumbrilasri

278 2132 419 2201 possunt,
444 2118 608 2199 exquibus
631 2126 771 2196 apparet,
792 2121 888 2196 ipsum
910 2122 1095 2181 solummodo
1118 2118 1278 2194 beneniqit

279 2238 391 2301 genus,
413 2239 479 2278 eum
498 2236 562 2277 nox
581 2225 759 2276 momentum
779 2217 871 2277 tectae
889 2220 921 2277 in
943 2220 1116 2295 efficiendo,
1139 2222 1196 2279 dier
1211 2216 1278 2275 ints

197 2302 203 2317 ’
237 2386 243 2393 Ι
277 2318 367 2379 leude
387 2316 507 2390 morbo,
534 2316 657 2395 dignum
680 2333 760 2388 csse,
789 2316 867 2393 quod
888 2321 1006 2396 proprie
1032 2318 1278 2394 bernersiopiaere

177 2428 181 2432 ’
257 2418 356 2477 ‘sulus
376 2422 577 2491 nuncupetur3
606 2413 700 2472 ultera
724 2414 867 2490 ejusmodi
889 2418 1077 2494 amplectitur
1103 2436 1217 2497 aegros,
1235 2431 1279 2490 qo

276 2534 343 2575 rum
366 2516 463 2573 visus·
478 2511 637 2572 infirmitas
661 2530 681 2569 a
708 2513 783 2573 lucis
816 2500 932 2575 deiectu
970 2516 1033 2575 sive
1066 2516 1117 2575 dic
1147 2517 1205 2575 sive
1225 2520 1279 2571 nens

273 2608 430 2693 dependet.
473 2611 558 2671 Licet
579 2611 658 2669 enim
678 2611 789 2683 nulius,
811 2613 862 2689 qui
883 2615 916 2672 in
936 2615 1121 2691 expedienda
1144 2611 1279 2690 opbtbaiso

275 2713 359 2793 logis
379 2720 514 2770 retentus
537 2719 599 2784 est,
622 2712 748 2790 scriptor
769 2715 857 2772 etiem
877 2712 1018 2788 ejusmodi
1038 2710 1238 2788 hemeralopss,
1252 2705 1279 2783 qli

275 2812 324 2869 rel
342 2810 389 2871 dic
410 2809 534 2868 ouante
554 2810 588 2867 in
609 2812 683 2868 locis
704 2796 837 2869 obscuris
857 2812 924 2868 visu
945 2812 990 2868 nti
1010 2829 1073 2868 non
1095 2812 1216 2887 possint,
1232 2824 1278 2864 cen

274 2918 431 2984 memoret,
458 2909 511 2968 sed
527 2913 697 2984 vespertino
713 2919 845 2986 tempore
865 2918 993 2969 nocture
1014 2908 1108 2967 debili
1129 2904 1279 2966 tsntnnrh

271 3008 459 3081 laborantes3
491 3005 625 3083 equidem
649 3016 748 3065 tamen
773 3005 830 3066 hoc
850 3009 944 3084 ipsum
966 3009 1040 3066 setis
1064 3017 1169 3083 aperte
1187 2999 1279 3064 concidi

274 3118 363 3181 posse
384 3105 585 3164 contenderim
607 3106 713 3179 exiis,
737 3124 812 3182 quse
833 3123 923 3182 snpra
943 3106 1053 3179 monui,
1077 3106 1222 3181 exemplis.
1246 3100 1278 3159 iu

274 3203 353 3261 cedit
371 3203 460 3260 etism
480 3205 604 3261 alterum
618 3198 964 3280 huJusmodi'exemplum
980 3198 1030 3285 ¹),
1062 3203 1144 3281 quod
1159 3205 1189 3261 in
1204 3208 1279 3279 prm

241 3366 244 3371 ,
275 3311 338 3375 est,
365 3300 398 3358 in
425 3301 611 3374 nosocomio,
641 3288 719 3379 qnod
745 3302 836 3361 ienae
857 3303 959 3376 iioret,
989 3302 1188 3363 observatum.
1228 3296 1280 3358 lint

274 3400 390 3458 scilicet
412 3417 546 3487 sorores,
575 3418 650 3478 quae
672 3410 726 3476 per
746 3401 866 3477 aliquod
895 3412 1009 3476 tempus
1037 3400 1202 3459 ssnstionls
1224 3409 1279 3454 ens

273 3495 323 3556 blo
344 3497 607 3573 commorabuntur,
630 3498 702 3557 sdes
725 3498 901 3569 laborabant
919 3499 1130 3576 hemerolopio,
1150 3509 1183 3557 nt
1201 3496 1240 3555 sd
1252 3491 1280 3549 dt

273 3597 306 3654 iu
322 3598 402 3655 'locis
425 3596 569 3656 umbmsis
590 3596 668 3657 nibil
687 3599 900 3676 conspicerent.
944 3598 1046 3677 Neque
1074 3600 1192 3658 ornnino
1215 3590 1280 3671 ΜΕ·

237 3690 241 3698 ’
272 3693 400 3775 gendum
424 3703 498 3784 puto
518 3698 551 3754 in
572 3694 629 3755 bac
649 3717 684 3755 re
703 3696 908 3774 dijudicante,
932 3697 1011 3775 quod
1032 3692 1232 3775 penes'plares
1245 3688 1280 3747 ie

308 3994 874 4138 ¹)belddffintiisffluihgdmlppileliloleixqiu
913 3987 1279 4138 lielinpifflcnrffiffl

335 4137 409 4189 'hm
426 4137 555 4207 virginem
571 4145 602 4219 pi
618 4139 794 4209 prosperrimo
812 4139 918 4207 quidem
934 4145 1045 4201 eventu,
1062 4140 1112 4194 hoc
1130 4137 1220 4210 ἥρω,
1234 4123 1279 4200 spi

341 4206 541 4274 observaverat,
567 4224 669 4265 mecum
685 4209 893 4269 communicarit.
