2746 4964
359 343 475 388 crees
492 341 623 424 'visun
643 314 880 389 assicamus
912 370 916 381 .
1065 322 1132 399 ¹39

83 482 260 543 fertur.-
291 481 376 545 ldem
403 487 480 544 enim
507 483 544 542 de
572 481 757 565 inferint-ibus
786 502 902 563 quoque
930 483 1064 543 sensibus
1085 484 1130 544 di·

83 581 210 640 cendum
239 576 302 655 cst,
333 574 491 642 nervorum
517 602 584 667 cum
610 556 731 640 cerebro
762 576 870 639 nerium
891 580 1130 659 respicientibus,

83 681 155 739 dein
177 681 267 743 etiam
289 676 337 736 bic
359 679 506 739 referendi
531 658 634 739 modus
664 681 824 762 organismi
845 678 998 757 superficie
1020 682 1128 740 limita-
1190 708 1192 715 ι

83 789 152 850 tnr,
173 778 256 835 ultra
277 795 365 857 quam
386 781 467 838 visus
488 778 648 838 contendit.
685 762 800 837 Verum
821 777 876 835 hec
897 782 993 855 potius
1014 772 1129 837 ratione

78 875 188 935 affines
210 873 283 933 mibi
304 875 452 953 videntur,
473 878 551 953 quod
571 888 694 953 uterque
715 878 875 956 genuinum
895 877 1076 952 intuitum,
1066 899 1086 938 ι.
1102 897 1127 935 e.

14 960 16 967 ¹
82 970 400 1051 repraesentationem,
433 978 525 1051 spatii
546 975 641 1032 forma
669 974 908 1048 determinatam,
941 992 1061 1052 eamque
1091 978 1129 1034 ad
1186 962 1187 967 ἵ

82 1075 171 1147 ipsas
183 1062 344 1130 formarum
366 1060 547 1152 cognitiones
569 1082 714 1147 evectam,
735 1066 886 1150 praebeat,
910 1090 978 1131 cum
998 1074 1127 1145 auditus,

85 1168 187 1228 eadem
206 1163 350 1229 relatione
371 1179 493 1228 externe
514 1160 655 1251 gaudens,
677 1173 768 1230 multo
789 1171 886 1231 minus
905 1172 945 1229 sit
961 1158 1127 1277 distinctus,

85 1277 115 1326 et
136 1267 174 1326 de
194 1268 296 1326 formis
318 1285 356 1328 ne
373 1271 523 1391 minimum
546 1269 663 1346 quidem
683 1270 796 1327 deeset.

445 1434 449 1455 ¹
549 1439 578 1515 ἕ.
607 1438 659 1502 29.

171 1547 248 1609 Cum
260 1561 366 1609 'auten
387 1549 456 1609 bina
475 1562 622 1613 momenta
643 1554 852 1626 concurrant,
866 1568 942 1629 quae
969 1554 1008 1612 ad
1028 1552 1128 1613 deter-

83 1650 222 1715 minanda
239 1652 306 1706 loos
321 1636 483 1712 efficaciam
500 1653 680 1725 consociant,
702 1653 784 1709 loeus
801 1652 915 1709 scilicet
931 1654 1056 1728 retinae,
1075 1652 1127 1711 nbi

85 1747 233 1824 objectum
251 1749 436 1828 depingitur,
470 1759 500 1808 et
519 1752 611 1828 ipsius
632 1749 713 1809 bulbi
734 1760 830 1810 status
851 1751 1039 1824 muscularie,
1072 1750 1127 1810 du-

82 1849 149 1923 plex
177 1846 303 1907 offertur
329 1846 509 1922 problema:
534 1848 565 1922 1)
586 1859 621 1908 ut
640 1853 807 1949 generalem
828 1850 924 1930 legem
944 1849 1133 1930 detegamus,
1201 1925 1203 1930 .

82 1964 140 2025 pua
159 1963 245 2004 mens
272 1943 310 2002 ad
338 1947 436 2039 locum
456 1948 582 2006 retinas
590 1946 743 2006 affectum
751 1920 859 2024 bbjeeti
879 1949 967 2004 situm
988 1948 1126 2005 (leterani
1188 1974 1190 1997 ι

81 2054 151 2118 nat,
183 2042 222 2117 2)
244 2061 400 2119 quamnam
421 2047 481 2103 vim
503 2065 607 2104 sensus
629 2046 820 2137 muscularis,
853 2047 931 2103 visui
953 2046 1126 2118 essentialis,

83 2143 122 2200 ad
141 2140 420 2220 repraesentandum
440 2162 540 2202 rernm
560 2130 692 2204 ordinem
710 2143 825 2206 hebeat.
866 2141 980 2245 Quibus
1008 2147 1125 2247 solvan

84 2242 130 2303 ais
151 2259 219 2298 mox
243 2240 470 2303 immorabimur.

81 2371 84 2377 ‚
164 2345 182 2379 *ι
200 2336 275 2398 Can
294 2357 413 2415 eorpus,
435 2342 601 2417 quatenus
591 2357 623 2400 sn
637 2343 732 2419 spatio
748 2342 862 2416 existit,
884 2342 994 2400 nullan
1011 2340 1127 2403 animae
1185 2348 1190 2354 “

122 2441 317 2498 mutationem
336 2438 446 2507 inferre
464 2442 573 2516 possit,
597 2442 767 2519 priusquam
780 2440 885 2521 'imago
907 2440 1002 2498 rel'ata
1022 2425 1143 2513 fuerit,

122 2549 154 2597 et
176 2554 227 2595 eas
249 2538 362 2594 retinae
383 2536 571 2612 affectiones,
602 2558 678 2617 quae
706 2537 742 2598 ab
761 2541 888 2597 internis
910 2539 1126 2596 causis‘orturu

124 2634 248 2715 ducunt,
268 2635 389 2711 perinde
410 2654 445 2693 ac
466 2634 565 2694 lumen
584 2654 624 2694 ex
645 2636 772 2713 objecto,
793 2635 870 2693 banc
890 2635 1071 2708 facultatem,
1090 2644 1127 2698 ut

123 2735 241 2792 externi
261 2735 492 2810 repraesentatio
514 2734 583 2808 fiat,
605 2737 748 2814 instigare
768 2736 910 2812 aequiust.
953 2724 1046 2800 Quod*
1061 2734 1146 2810 qui··

123 2832 190 2891 dem
201 2832 301 2889 multis
318 2833 398 2889 risus
411 2833 534 2913 fallaciis
552 2831 768 2908 comprobatur.
801 2831 919 2891 Macula
932 2832 1028 2910 nigra,
1051 2847 1126 2907 quae

122 2930 216 2989 oc'nlie
239 2927 431 3008 obversatur,
445 2911 497 3006 si,
520 2928 626 2989 obtutu
646 2928 756 2990 diutius
772 2933 804 2989 in
817 2932 934 3008 'puncto
955 2929 1127 3005 splendente

123 3028 235 3102 defixo,
255 3028 434 3115 respondens
465 3024 579 3089 retinen
605 3049 674 3109 pars
696 3028 733 3088 ad
757 3026 905 3110 paralysin
923 3029 1127 3087 transitoriam

124 3146 218 3204 usque
239 3129 398 3201 excitatur,
420 3130 456 3187 iic
478 3148 592 3206 semper
612 3120 748 3207 objectis,
770 3128 904 3207 adquae
926 3118 1019 3189 aciem
1038 3126 1126 3185 mode

14 3260 16 3265 ·
124 3226 290 3305 dirigimus,
313 3220 472 3286 adhaerere
493 3228 620 3289 videtur.
657 3225 697 3286 Ει
717 3227 949 3309 myndesopsiam
970 3223 1028 3282 buc
1047 3225 1127 3283 reie—

124 3324 248 3384 rendam
269 3343 388 3400 censeo,
410 3324 491 3404 cujus
506 3321 628 3405 'quidem
648 3343 737 3385 eausa
757 3325 995 3385 nunc‘morbosa
1013 3325 1128 3408 retinae
1235 3376 1238 3385 ἡ

14 3486 15 3489 ,
124 3423 305 3497 conditione,
324 3442 404 3482 nunc
420 3426 622 3484 minutissimis
639 3427 789 3508 sanguinis
804 3434 856 3483 aut
869 3421 1005 3507 lymphae
1020 3419 1127 3502 cocby-
1240 3426 1243 3433 '

126 3520 255 3580 mosibus
276 3522 428 3601 consittit,
456 3522 548 3602 quae,
577 3540 700 3599 corpore
720 3526 816 3581 vitreo
836 3524 995 3594 inclusae,
1009 3520 1126 3580 umbros

126 3621 156 3677 in
176 3620 304 3677 retinam
324 3623 552 3699 projiciunt,u
532 3633 566 3680 ut
589 3622 804 3702 elegantissima
826 3618 1003 3679 bleisteri
1025 3615 1126 3678 obtem

126 3728 195 3776 vata
216 3715 324 3777 docent
340 3715 380 3799 ι)
931 3733 935 3740 ’

123 3916 150 3984 1)
166 3916 391 3986 Beobacbtungen
400 3919 465 3971 iiber
478 3914 581 3972 dieser
594 3918 645 3972 den
658 3920 750 3989 Augen
763 3915 1126 3972 herumfebrendenli'leckeu.

114 3987 315 4056 Hambmg.
332 3989 467 4061 Mageain
489 3989 539 4042 Bd.
556 3989 600 4043 23.
624 3990 709 4043 sae.

170 4055 274 4113 Eadem
289 4057 341 4113 luit
356 4060 397 4113 ct
410 4060 576 4113 Richteri
594 4061 732 4128 sententia,
750 4058 804 4115 vid
814 4060 895 4130 ejusd.
909 4050 1128 4133 dolangsgninde

173 4129 220 4182 ‹ler
237 4128 501 4185 Wundarzneikumt
536 4129 585 4187 Bd,
599 4130 639 4183 ll.
662 4144 719 4203 cap.
740 4129 781 4188 19.
804 4150 830 4202 p.
849 4128 908 4186 tot.
975 4152 979 4159 ¹

463 4262 777 4283 ω--ι-ιι-ι--ι--ω
