2666 4946
352 400 405 446 oe
433 402 807 451 remanerem·
833 414 839 425 ·
1043 330 1116 457 203

52 558 237 621 animsh'iiri
258 564 345 639 0οιοι
366 544 405 619 er
424 558 523 620 ireriiis
543 563 654 640 peratis
665 566 847 636 -sesoentor,
872 570 902 620 et
922 562 954 620 iu
977 561 1024 622 iiis
1043 582 1108 624 ms·

50 656 139 720 xime
159 660 214 733 iis,
236 656 287 738 qui
307 659 458 738 speciatim
478 661 538 718 vim
559 648 688 738 aliquam
707 660 740 718 in
759 659 893 719 morbum
912 662 1109 723 seorbutioom

53 766 236 832 exerceant,
261 776 287 821 e
310 777 338 838 g
367 762 545 817 nasturtium
573 760 756 836 aquaticum,
785 757 952 818 eoehlearia
976 761 1112 820 onemo:

52 856 100 913 iis
122 858 153 914 ei
169 856 341 932 armoracia,
363 858 475 958 sinapis
493 867 549 923 etc
583 854 761 935 Saepissime
781 866 864 934 vero,
884 857 963 935 quod
984 858 1109 938 Ramp-

52 932 160 1013 iieid
186 950 388 1030 observarit,
400 964 512 1017 remoto
540 974 644 1032 nempe
672 955 728 1015 hae
750 959 865 1016 rosione
892 956 1046 1034 seorbuto,
1075 959 1110 1017 fit

54 1053 169 1128 etiam,
188 1064 223 1113 ut
242 1054 364 1114 recedat
384 1052 500 1134 quidem
519 1054 718 1132 hemeraiopis
736 1057 787 1113 rei
802 1056 891 1114 nuiio
912 1056 1042 1116 remedio
1063 1058 1117 1116 lo
1127 1040 1132 1049 ⁸

53 1150 121 1209 caii
141 1148 289 1229 adhibito,
315 1152 417 1213 redeat
437 1168 509 1212 sero
530 1150 665 1230 saepius,
693 1153 753 1211 nisi
781 1152 891 1213 esitare
912 1156 1003 1233 quest
1023 1172 1112 1236 aeger

54 1266 166 1309 oausas
188 1246 356 1312 scorbutum
376 1252 596 1333 progignentes.
639 1251 761 1311 Praeter
786 1250 859 1310 haee
879 1272 952 1311 vero
972 1254 1112 1327 remedia,

56 1363 139 1426 quse
160 1348 247 1411 inodo
269 1350 374 1425 attuli,
397 1350 561 1410 adhibenda
582 1350 672 1408 etiam
692 1360 763 1408 sunt
783 1351 884 1426 acida,
907 1352 1036 1410 remedia
1058 1351 1115 1410 eda

56 1447 241 1529 stringentia
262 1458 351 1528 atque
371 1451 487 1524 tonica,
516 1467 638 1527 quorum
664 1450 716 1523 iis,
745 1464 819 1526 quaa
845 1450 980 1508 ultimum
1009 1458 1114 1534 tenent

56 1547 178 1630 locam,
213 1562 267 1625 per
292 1549 411 1626 aliquod
438 1558 550 1623 tompus
578 1549 624 1606 uti
651 1545 808 1622 debemus,
843 1566 910 1606 cum
935 1548 1112 1606 unmersaiis

57 1658 151 1721 saepe
183 1647 274 1706 totius
306 1649 438 1722 corporis
470 1632 626 1705 infirmitas
657 1646 819 1709 remaneat.
875 1644 1113 1723 Hemeraiopiam

58 1758 153 1821 porro
175 1762 241 1803 eum
261 1744 342 1803 vitiis
364 1740 541 1825 digestionis
561 1748 747 1822 coniunctam
768 1743 846 1820 quod
866 1726 991 1819 attinet,
1014 1754 1114 1803 auen·

59 1842 167 1901 damus
184 1852 305 1902 necesse
326 1853 382 1918 est,
403 1838 498 1921 qualis
520 1844 561 1901 sit
579 1844 699 1902 iliorum
718 1842 856 1906 conditio.
900 1842 1015 1912 Quodsi
1036 1843 1116 1901 enim

58 1948 113 1999 res
140 1942 173 1999 in
197 1938 382 2018 primissiis
410 1948 562 2019 corruptae
595 1940 709 2015 adsint,
738 1945 890 1999 emericum
917 1940 1115 1999 adhibendam

59 2046 127 2114 est,
151 2036 201 2098 sei
220 2038 321 2099 forsan
343 2050 471 2105 tartarus
501 2038 654 2115 stibinton,
684 2038 828 2115 Scorpo
856 2034 973 2116 quidem
1000 2039 1115 2115 praeci·

7 2166 9 2200 0
61 2138 183 2216 pionte,
210 2139 243 2197 in
269 2138 333 2196 dosi
358 2132 502 2212 redacta,
531 2147 594 2196 tum
620 2140 747 2196 vomitus
775 2135 935 2195 identidem
956 2135 1115 2212 efficiatur-3
1201 2150 1204 2157 ’

7 2250 152 2315 00000
173 2232 303 2295 remedia
323 2234 515 2311 resolveritis,
532 2237 680 2329 inprimis
686 2237 764 2294 sales
784 2236 934 2294 nmmmes
955 2243 987 2293 et
1007 2236 1041 2293 in
1055 2234 1116 2295 iisse
1193 2256 1194 2259 ¹

7 2364 10 2403 0
62 2328 230 2393 errationis
250 2336 360 2400 tonica
394 2332 455 2396 Sed
476 2333 541 2394 oum
562 2333 610 2394 his
631 2312 713 2393 vitiis
734 2334 849 2413 quoties
871 2335 1025 2415 sanguinis
1044 2352 1117 2394 eon·

7 2466 10 2505 ,
63 2433 219 2514 gestiones
245 2438 419 2512 conjnnetae
446 2445 538 2509 sunt,
565 2435 682 2493 ratione
709 2428 815 2509 quippe
847 2431 950 2491 habita
981 2437 1116 2508 naturae,
1142 2439 1148 2448 '

63 2532 163 2610 qualis
185 2528 299 2593 obtinet
318 2546 457 2616 aegrum,
479 2533 600 2612 sanguis
621 2529 781 2592 mittendus
803 2539 858 2594 est.
901 2529 1017 2590 Deinde
1039 2548 1118 2591 eme»

64 2622 177 2706 ticum,
204 2632 352 2708 pedilusia
374 2640 405 2692 et
428 2628 613 2709 mauuiuuid,
642 2628 815 2711 sinapismi,
838 2637 927 2705 potus
954 2629 1127 2706 aperientes*

65 2738 100 2789 et
125 2716 344 2810 refrigerantes
386 2730 510 2802 Quoties
539 2740 638 2788 autem
664 2725 879 2803 hemersiopia
895 2742 961 2784 eum
992 2725 1120 2785 iieimin
1218 2727 1220 2751 ¹

66 2824 159 2887 thiasi
176 2830 351 2907 complicata
368 2841 425 2905 est,
444 2824 621 2906 experienda
637 2834 708 2884 sunt
722 2824 853 2884 remedie
864 2810 1117 2889 onmdminehieo
1193 2854 1196 2859 <

7 2898 195 2997 Quando
216 2918 362 3007 denidue
358 2927 479 3003 accidit,
500 2936 534 2985 ut
554 2944 620 2985 omn
636 2924 790 3002 sanguinis
805 2923 1048 3003 congestionibus
1058 2925 1120 2981 iis

68 3016 128 3103 que
145 3034 183 3086 er
199 3018 365 3103 suppressis
388 3024 559 3107 ceremoniis
578 3032 608 3082 et
624 3014 900 3082 haemorrhoidiiom
913 3023 1009 3080 enatis
1027 3036 1120 3099 copo

7 3126 134 3184 irata
155 3126 194 3184 sit
213 3124 423 3203 hemeraiopis,
443 3100 475 3183 id
493 3124 665 3182 teatensium
685 3120 810 3181 maxime
832 3120 887 3195 est,
907 3129 943 3179 ot
960 3119 1035 3179 haee
1050 3134 1120 3198 pro-

7 3249 10 3284 ι
68 3218 162 3285 duvia
181 3223 375 3284 remediorum
397 3218 592 3282 derivandum
612 3238 668 3300 ope
693 3218 881 3294 mocimus,
903 3221 956 3279 uti
981 3228 1013 3277 et
1045 3220 1120 3276 eiiiis

7 3346 12 3387 ι
70 3322 215 3401 ejusmodi
241 3325 388 3382 normales
416 3318 503 3401 stoue
529 3319 693 3380 hsbituaies
721 3318 900 3377 secretiores
926 3316 1122 3377 remediorum

7 3438 14 3484 1
71 3422 199 3483 maxime
220 3418 449 3483 sudoriierorum
471 3432 535 3481 usu.
912 3436 917 3445 ¹

7 3540 13 3583 ¹
514 3600 713 3682 en

161 3728 165 3735 ’
204 3782 208 3791 .
279 3735 330 3792 De
350 3688 502 3814 proprus
530 3722 794 3802 demersiopsae
817 3738 918 3784 coro

119 3881 197 3942 in
215 3901 306 3960 sure,
328 3896 404 3962 quae
422 3881 579 3960 spudasius·
595 3898 642 3938 eo
649 3886 776 3956 spectat,
792 3885 828 3937 st
848 3876 998 3937 ueneno
1020 3872 1123 3935 mssa

75 3980 274 4057 00111000,ιο
295 3978 727 4063 010000100οή,οω
742 3974 898 4035 mins
889 3991 922 4033 m
942 3988 1050 4033 ausos
1066 3988 1123 4031 ss·
1155 4002 1164 4017 ι

10 4122 16 4177 ,
74 4080 212 4142 circades
236 4081 299 4141 sim
324 4092 465 4141 execrare
491 4080 607 4151 10100,
632 4078 679 4136 itt
703 4073 840 4151 esron,
874 4060 909 4133 ist
937 4080 991 4149 sui
1021 4069 1124 4135 soih*

7 4182 156 4287 iosos
179 4190 231 4242 sot
250 4178 374 4252 nonde
401 4194 453 4257 pso
472 4192 649 4237 omum
670 4194 739 4235 mm
760 4174 911 4235 mahtim
931 4169 1040 4231 serris
1053 4182 1124 4249 ses-

7 3636 15 3684 i

10 3732 15 3776 i

7 3838 14 3882 i

7 3940 14 3985 i

7 4030 16 4081 i
