2728 4960
272 414 361 484 158⁴·
431 398 613 473 larana
647 386 709 468 uu
739 410 1146 469 arnano-nuxiae.

263 592 331 642 tam
351 574 525 637 emendare
544 565 579 634 in'
598 562 741 633 animum
758 573 901 647 induxit,
920 590 1063 654 eumque
1080 576 1116 635 in
1136 573 1309 643 finem'se·

265 674 400 750 quentia
424 666 571 745 pericula
597 666 731 742 tecit1).
773 665 906 725 Cultelli
927 663 969 724 ad
989 679 1181 729 cataractam
1201 687 1309 733 extra·

263 754 405 821 bendum
425 757 594 818 fabrefacti
614 757 748 830 eadem,
769 767 806 817 a'c
826 755 890 816 hoc
908 756 968 816 sub
988 762 1144 838 negotio,
1172 768 1309 826 ratione

262 870 324 932 per
351 868 501 910 corneam
527 847 665 908 traducti
693 848 826 927 cuspide
852 862 938 907 trans
964 848 1124 927 pupillam
1153 851 1308 931 admissa,

264 932 427 1024 capsulam
446 941 636 1012 transcidit,
672 959 738 1018 quo
772 939 859 999 lacto
890 938 1023 1014 eadem,
1059 962 1124 1022 qua
1149 945 1308 1008 inductus

261 1036 343 1105 fuit,
365 1033 563 1103 directione,
592 1028 760 1090 cul-tellum
778 1029 917 1090 sollicite
935 1036 1081 1114 retraxit,
1108 1034 1268 1097 ulteriora
1289 1058 1309 1099 s

259 1144 415 1206 processu
442 1121 587 1183 chemico
602 1156 617 1168 ·
632 1120 763 1181 animali
796 1133 1000 1200 exspectans,
1042 1143 1127 1203 quae
1159 1132 1306 1206 propriis

260 1218 330 1295 ejus
344 1213 448 1276 verbis
457 1212 516 1274 *hic
532 1214 694 1274 adferam:
718 1213 789 1286 „ln
806 1223 841 1285 15
861 1219 1063 1276 cataractosis
1070 1255 1083 1289 ,
1106 1234 1246 1296 quorum
1269 1225 1307 1298 14

258 1309 295 1371 id
313 1323 455 1388 utroque
475 1305 572 1366 oculo
595 1305 741 1376 fuerant,
768 1308 804 1364 in
833 1323 870 1384 29
890 1306 1042 1388 adeoque
1067 1308 1172 1369 oculis
1198 1308 1306 1382 suffia*

258 1407 299 1464 sis
319 1400 404 1461 hanc
423 1392 612 1457 methodum
632 1412 756 1456 summa
772 1397 947 1479 diligentia·
965 1396 1150 1477 periclitans
1164 1407 1305 1464 unicum

257 1497 340 1553 votis
365 1487 570 1569 respondisse
597 1484 782 1561 observavi,
815 1489 850 1549 id
876 1502 942 1560 est,
977 1488 1049 1547 lens
1074 1488 1211 1551 maxima
1239 1512 1305 1572 pro

257 1587 350 1665 parte
371 1581 518 1658 alioquin
543 1576 668 1657 liquida
693 1582 826 1656 penitus
853 1592 998 1660 resorpta
1025 1581 1106 1656 fuit,
1131 1587 1168 1642 in
1194 1583 1304 1647 altero

258 1692 422 1734 successus
449 1670 678 1748 imperfectus,
711 1671 747 1729 in
775 1669 946 1734 duodecim
972 1673 1099 1746 nullut,
1136 1688 1236 1754 atque
1266 1681 1305 1738 in

257 1783 326 1825 uno
340 1763 481 1824 resoluta
497 1761 630 1842 quidem
645 1761 803 1842 crystallo,
827 1761 957 1843 capsula
973 1767 1076 1822 visum
1088 1764 1304 1845 intercepit.“

257 1855 345 1914 Hinc
359 1853 516 1913 conclusit
530 1872 712 1914 successum
733 1850 827 1930 huius
848 1866 1038 1915 cataractam
1053 1855 1215 1932 operandi
1231 1874 1304 1920 mee

256 1944 350 2008 thodi
371 1946 512 2005 faustum
539 1944 627 2005 haud
645 1945 852 2024 frequentem
873 1946 1037 2019 futurum,
1071 1949 1303 2025 paucissimos·

256 2058 329 2120 quea
345 2058 384 2098 ea
404 2050 610 2097 tractatorum
629 2039 731 2096 visum
756 2048 1015 2117 recuperaturos.
1053 2039 1175 2098 Arserit
1194 2054 1301 2115 porro

257 2127 503 2190 aConradio
523 2132 729 2209 propositum
748 2133 947 2207 operationis
968 2130 1162 2208 processum,
1183 2130 1302 2208 quoad

254 2220 415 2280 theoriam
432 2240 511 2279 sane
526 2220 659 2299 quidem
674 2228 807 2282 caeteris
827 2219 1073 2282 anteferendam
1091 2223 1165 2278 usui
1184 2233 1302 2283 tamen

254 2315 306 2370 vix
324 2329 468 2389 unquam
490 2329 659 2369 cessuram.
971 2322 974 2329 ’
1108 2306 1111 2311 ’

310 2400 526 2463 venerandus
545 2398 754 2479 Richteri)
773 2394 829 2460 tlte
843 2414 951 2462 noster
969 2405 1092 2482 inquit:
1112 2402 1196 2476 „ubi
1211 2419 1302 2467 cata-

252 2507 373 2554 ractam
391 2488 525 2552 fluidam
546 2508 615 2553 esse
635 2502 723 2551 certo
744 2496 977 2572 comperimus,
999 2498 1226 2574 operationem
1249 2497 1301 2557 la·

245 2584 317 2653 elle
335 2580 565 2661 simpliciorem
583 2583 738 2644 faciemus
758 2600 819 2642 acu
837 2596 1065 2662 percomesus
1086 2604 1120 2651 et
1136 2592 1300 2672 pupillam

252 2675 366 2737 adacta
389 2673 551 2754 capsulam
571 2673 820 2753 patefaciendo,
848 2692 914 2755 quo
932 2677 988 2737 illa
1008 2680 1273 2757 profundatur.“

326 2763 488 2826 Hecker
512 2768 539 2844 ³)
578 2766 747 2826 mulierem
773 2765 834 2826 hac
859 2764 1016 2828 methodo
1045 2776 1180 2849 primam
1211 2790 1297 2854 ope·

249 2870 352 2920 ratam
380 2858 479 2917 luisse
505 2856 716 2938 sequentibus
736 2870 854 2916 namot.
891 2859 1046 2939 „Mulier
1072 2865 1167 2946 angla
1188 2868 1297 2928 oculi·

249 2966 309 3021 sta,
329 2947 461 3007 vidente
479 2948 613 3029 Mylord
631 2946 742 3020 Rich,
767 2948 832 3008 lilio
850 2950 982 3011 Comitis
996 2952 1208 3027 Warwlclt,
1229 2972 1296 3020 acu

251 3043 378 3120 aperuit
391 3048 545 3099 corneam
566 3058 661 3119 supra
676 3038 833 3118 pupillam
849 3054 881 3099 et
896 3040 1064 3104 humorem
1080 3064 1222 3127 aqueum
1238 3070 1297 3110 ει*

249 3130 372 3202 hausit,
393 3134 462 3190 aive
483 3128 617 3191 effluere
636 3135 725 3203 sivit,
754 3136 811 3210 qui
831 3132 978 3195 turbidus
998 3146 1031 3194 et
1053 3136 1223 3201 obscurior
1241 3143 1297 3204 la·

249 3240 317 3284 ctus
331 3226 484 3283 visionem
504 3222 727 3296 imminuerat,
747 3227 803 3295 ita,
824 3237 861 3282 ut
876 3245 974 3308 aeger
992 3234 1083 3307 quasi
1101 3250 1162 3308 per
1179 3231 1295 3294 velum

247 3336 282 3376 se
315 3318 425 3376 omnia
460 3314 595 3373 confuse
630 3326 763 3374 cernere
795 3315 950 3377 crederet.
1005 3320 1081 3378 Post
1114 3319 1293 3386 humorum

248 3406 401 3468 effluxum
421 3405 534 3466 oculus
556 3403 708 3464 concidit.
745 3404 915 3483 Applicata
935 3410 1099 3484 remedia,
1128 3417 1294 3492 imperata·

246 3506 337 3579 quies
353 3495 554 3567 intenebris,
574 3500 619 3555 sic
637 3508 841 3575 pmapectnm
857 3498 1114 3564 inflammationi.
1151 3505 1293 3586 aliquot

244 3583 483 3668 postdia'bua,
516 3588 720 3667 postliminio*
743 3606 967 3654 succrescente
1000 3592 1137 3656 humore
1162 3612 1287 3677 aquen,

245 3686 302 3761 qui
323 3697 371 3740 est
392 3684 666 3754 excrementitius,
687 3700 757 3742 non
775 3703 847 3762 pars
869 3690 1029 3764 emporis,
1060 3702 1092 3748 et
1112 3693 1168 3769 qui
1188 3708 1288 3768 repa·

244 3778 308 3833 rari
333 3787 460 3851 potest,
488 3775 658 3845 intumuit,
685 3777 751 3833 sive
777 3775 919 3853 repletus
941 3779 1028 3839 oculi
1054 3777 1171 3863 globus
1196 3798 1288 3859 pun-

532 3914 550 3918 ,,
621 3912 626 3920 ,
840 3882 841 3889 ’
1057 3883 1061 3893 ’
1245 3884 1253 3918 l

279 3992 618 4064 inritamentis.
710 4018 713 4029 '

277 4069 308 4133 2)
326 4067 558 4149 dulangsgriinde
575 4070 624 4124 der
640 4070 928 4130 Wundarzneilmnst.
954 4078 1007 4132 111.
1022 4074 1118 4132 Theti,

278 4138 310 4199 5)
327 4134 503 4191 lleoker'e
521 4140 648 4195 Annalen
665 4139 715 4195 det
731 4144 1025 4222 gaseranttMed‘rrin.
1043 4149 1095 4200 tit.
1105 4144 1159 4202 Μ.
1175 4144 1283 4223 ῙΧιβι.
