2744 4960
211 440 274 490 na
298 441 488 489 srsrnsr.
521 438 694 486 scurra
728 441 975 494 unsarana.
1066 410 1113 511 33

82 595 115 658 ab
133 595 203 676 ejus
225 596 337 657 centro
364 594 553 677 attingit1),
581 592 694 675 ibique
713 597 748 655 in
766 596 908 659 ramulos
927 603 1108 685 complures

80 687 216 748 stellatos
236 687 401 758 dividitur,
422 705 560 766 quorum
570 684 755 748 subtiliores·
773 705 861 749 recta
883 689 924 750 ad
945 695 1107 772 capsulam

75 777 162 841 lenus
182 779 335 868 tendunt,
357 782 526 840 crassiores
544 794 621 837 vero
644 790 819 839 extrorsum
838 781 1011 844 tendentes
1030 778 1105 864 par·'¹

75 876 126 932 tim
141 866 343 933 anteriorem
364 875 502 948 corporis
530 868 645 929 ciliaris
665 869 864 949 superficiem
881 875 1014 948 intrant,
1032 896 1107 956 par·

75 966 126 1025 tiru
143 975 222 1025 'sese
246 964 441 1023 reclinantes
470 959 600 1020 ultimos
626 958 767 1021 ramulos
794 960 836 1021 atl
859 960 955 1026 lentis
976 966 1106 1047 crystal·'

74 1054 151 1117 Euae
165 1046 330 1135 capsulam
349 1056 480 1116 mittunt
496 1054 535 1131 ²).
1099 1076 1103 1080 -

138 1148 289 1232 Nemini,
311 1145 401 1230 quod
421 1165 482 1225 ego
504 1136 636 1223 quidem
657 1148 742 1220 scio,
769 1144 890 1206 sivein
909 1142 1103 1212 animalibus'

75 1243 132 1300 tire
148 1245 185 1301 in
202 1236 390 1301 hominibus
412 1256 485 1295 vasa
510 1234 566 1295 illa
593 1231 825 1314 perscrutanti,
859 1256 898 1297 ea
923 1237 1006 1300 ultra
1027 1242 1102 1322 cap·¹

74 1328 165 1389 ιιιΙαω
188 1330 236 1389 ‘ad
260 1329 384 1389 lentem
403 1344 506 1407 usque
535 1324 739 1388 observando
767 1331 921 1407 prosequi
949 1332 1101 1412 contigit;

73 1435 141 1479 nam
157 1418 354 1496 Albinus,
369 1423 440 1500 squi
460 1421 517 1477 etsi
538 1414 602 1477 hoc
622 1414 756 1477 efficisse
775 1436 793 1476 a
814 1418 1032 1498 compluribus
1053 1420 1101 1481 di·

73 1514 164 1588 titur,
188 1519 309 1573 revera'
327 1525 437 1572 tamen
464 1508 506 1568 de
525 1511 609 1568 vasis
626 1523 752 1569 tantum
772 1508 921 1586 capsulae
940 1510 1098 1591 loquitur,

11 1620 12 1657 t
76 1603 270 1683 quodetiam
289 1604 357 1681 ejus
374 1603 654 1661 commentationis
672 1598 725 1660 hic
744 1594 873 1661 titulus}
891 1598 970 1676 „De
989 1622 1100 1663 vascu-

11 1688 13 1791 ι
74 1690 111 1752 lis
134 1694 171 1754 ad
198 1694 420 1767 membranam
453 1690 595 1753 humeris
626 1691 799 1774 crystallini
826 1690 1063 1772 pertinentibus
1071 1697 1097 1731 “

11 1796 13 1843 t
75 1797 210 1859 testatum
231 1802 265 1849 et
281 1789 387 1848 Zinn
405 1782 480 1869 plus
498 1784 606 1860 jactat,
627 1779 723 1864 quam
742 1786 778 1842 in
792 1780 905 1865 figura,
925 1786 1097 1846 testimonii

11 1870 12 1883 ¹
74 1892 159 1937 causa
176 1878 303 1952 addita,
328 1880 417 1938 cerni
436 1887 553 1954 potest.
591 1875 686 1953 Quae
705 1880 732 1936 si
754 1881 862 1937 animo
882 1875 1096 1956 perpenderi-

50 1984 149 2039 mus,
176 1966 306 2029 difficile
327 1981 375 2028 est
387 1964 568 2051 explicatu,
598 1984 665 2046 quo
691 1967 793 2029 modo
820 1967 892 2028 lens
914 1967 1096 2050 crystallina

68 2063 234 2131 nutriatur,
267 2062 347 2131 nisi,
380 2056 655 2138 quemadmodum
680 2057 838 2118 infusoria
863 2056 1031 2133 animalia,
1058 2078 1102 2120 ex*

67 2142 165 2207 fluido
184 2152 280 2228 ipsam
301 2146 521 2208 circumdante
539 2153 772 2208 nutrimentum
792 2154 907 2229 capiat,
920 2147 1011 2229 quod
1024 2151 1104 2211 sine=

11 2230 13 2239 ’
69 2236 272 2319 haesitatione
291 2238 493 2302 contendere
517 2236 639 2299 licebit.
677 2239 827 2320 Namque
853 2261 889 2303 re
915 2246 1094 2303 accuratius

11 2392 12 2399 χ
66 2330 278 2414 considerata,
310 2336 425 2415 organi
449 2329 673 2411 perfectissimi
699 2346 797 2413 atque
831 2353 933 2415 quam
956 2337 1097 2395 maxime

11 2480 12 2483 ,
68 2427 231 2502 compositi
250 2428 313 2487 vita
330 2430 367 2483 in
388 2427 499 2506 quovis
517 2444 641 2483 massae
661 2444 738 2483 suae
755 2439 880 2505 puncto
899 2429 1019 2504 posita,
1041 2428 1094 2484 ni·

68 2508 110 2573 hil
127 2511 214 2574 aliud
234 2530 301 2588 est,.
314 2513 611 2594 quamiufusorialis
631 2516 707 2591 vita,
731 2519 900 2593 quoniam,
921 2528 1094 2596 quantum·

68 2608 109 2666 vis
130 2605 279 2669 subtilem
306 2621 339 2666 ct
362 2604 576 2685 multiplicem
600 2604 776 2667 rivulorum
804 2607 969 2685 sanguinis
989 2605 1101 2664 distri«

67 2687 226 2761 butionem
246 2700 446 2779 cogitaveris,
469 2711 580 2756 tamen
596 2711 726 2774 praeter
746 2716 801 2765 eos
822 2701 971 2756 materies
992 2712 1093 2775 quae·
1158 2687 1163 2695 ’

68 2785 132 2847 dam
152 2787 258 2850 libera
274 2794 467 2860 remaneat,
495 2806 580 2875 quae
607 2806 655 2845 ex
679 2791 838 2867 sanguine
861 2790 1111 2865 praetereunte

65 2881 225 2959 particulas
245 2876 376 2943 assumit
396 2879 539 2956 aliasque
558 2882 707 2937 secernit.
745 2879 832 2939 Hinc
849 2875 896 2953 fit,
915 2891 963 2950 ut,
977 2897 1092 2956 quam·

67 2974 105 3032 vis
119 2972 208 3035 nulla
228 2972 271 3032 ad
288 2972 410 3033 lentem
424 2990 497 3032 vasa
509 2983 707 3050 permeent,.
727 2988 766 3030 ea
785 2983 893 3031 tamen
914 2989 933 3029 a
954 2967 1088 3049 reliquis

95 3218 121 3284 r)
135 3219 169 3274 B.
190 3219 217 3271 St
234 3212 369 3274 albini
386 3206 566 3285 academicus.
583 3212 760 3272 adnotation.
783 3213 804 3269 l:
821 3217 846 3272 1.
857 3233 881 3270 c.
896 3214 963 3272 vita
986 3204 1086 3275 „Nou
1110 3238 1113 3247 ¹

119 3284 159 3347 ita
180 3300 278 3349 autem
311 3297 527 3359 supremarum
544 3282 659 3345 accedit,
676 3285 785 3340 cedma
806 3284 830 3338 is
847 3305 864 3339 a
881 3282 1000 3345 later·a.⁸‘
1081 3287 1085 3293 ’

89 3351 117 3420 2)
133 3355 158 3415 J.
179 3354 214 3408 G.
231 3304 377 3408 Walter·
391 3349 508 3424 quidem
524 3350 557 3403 iu
574 3353 734 3471 operosam
746 3305 846 3406 nuilus
863 3365 916 3404 cst:
934 3346 1021 3412 „Voss
1032 3344 1098 3401 dett·
1141 3410 1144 3417 Ι

94 3422 98 3435 '
119 3418 276 3477 Blutatlem
292 3420 339 3474 des
357 3422 471 3491 Auges'‘
490 3432 595 3472 conten
614 3419 653 3473 it:
671 3439 701 3475 ca
723 3420 813 3475 sulam
830 3418 914 3471 lentis
931 3413 1027 3468 nullos
1042 3431 1087 3466 rs·

119 3490 214 3545 mulos
238 3490 274 3544 ab
289 3485 545 3542 ramificatiostibus
561 3484 688 3543 stellulae
702 3486 831 3540 omuibus
848 3482 964 3540 arteriae
979 3490 1086 3534 centra·
1176 3506 1181 3523 x

93 3595 97 3607 .
114 3556 155 3612 tir
172 3558 317 3632 accipere,
342 3555 390 3611 sed
404 3573 462 3609 ‚eoa
482 3569 608 3627 tantum.
652 3556 684 3608 ui
701 3574 736 3608 ex
751 3553 832 3607 omni
849 3552 960 3606 tunicae
979 3548 1087 3602 vitreae

92 3689 96 3697 ¹
120 3625 232 3681 ambitu
248 3624 283 3677 'in
298 3622 488 3699 posteriorem
506 3621 632 3694 capsulae
659 3623 731 3676 eutis
747 3617 922 3694 superficiem
940 3612 1087 3670 relectun·
1120 3612 1126 3635 ⁸

93 3698 98 3711 ‘
118 3706 183 3758 tur3
208 3709 312 3753 tamen,
331 3702 397 3745 cum
414 3691 690 3763 Soemmerring
706 3702 789 3765 pater·
801 3690 893 3757 (Icon.
909 3683 1091 3740 oculilsum:

98 3762 190 3818 *rats
207 3763 261 3818 VI.
279 3758 329 3834 ig.
337 3762 390 3829 V.)
411 3777 471 3812 rem
492 3757 584 3813 simili
598 3757 772 3831 modopquo
791 3776 806 3810 a
822 3754 962 3810 Zinnio
981 3767 1009 3807 et
1025 3749 1087 3813 sll-

117 3826 209 3884 bino
229 3841 432 3902 repraesentata
448 3841 498 3889 est,
516 3825 692 3900 depinxerit,
709 3826 785 3880 etin
801 3822 969 3877 collectione
993 3817 1087 3875 Dtil·
1122 3890 1124 3894 λ

100 3895 265 3972 ”liugeri
299 3893 457 3949 artato'mica
482 3893 596 3967 capsula
618 3893 702 3947 lentis
724 3906 894 3960 asservetur,
920 3890 999 3961 crrjus
1021 3905 1086 3941 vasa
1152 3913 1157 3918 ·

11 3956 12 3979 ¹
90 3990 92 4019 ε
115 3965 269 4020 cinnabare
291 3962 396 4039 repleta
419 3961 492 4016 liano
508 3960 745 4017 rrmifioatiouem
768 3959 929 4023 ostendant,
965 3954 1086 4011 dubium

117 4051 178 4087 non
203 4048 260 4094 est,
296 4032 368 4106 quin
391 4028 443 4086 illa
467 4029 682 4084 sensificationis
704 4029 868 4082 arteriarum
884 4028 917 4080 in
954 4023 1085 4097 osteriori

118 4100 247 4174 capsulae
264 4097 350 4173 lentis
368 4098 582 4173 perimendo,
602 4114 687 4175 quam
701 4097 812 4177 primus
828 4043 957 4169 Ruysli
980 4090 1085 4159 iudicas

118 4169 173 4234 vit,
190 4186 245 4246 pro
261 4185 328 4224 vera
346 4167 384 4223 sit
400 4165 536 4223 habenda.
791 4166 794 4176 ’
1017 4164 1021 4173 ”
