<?xml version="1.0" encoding="UTF-8"?>
<!DOCTYPE html PUBLIC "-//W3C//DTD XHTML 1.0 Transitional//EN"
    "http://www.w3.org/TR/xhtml1/DTD/xhtml1-transitional.dtd">
<html xmlns="http://www.w3.org/1999/xhtml" xml:lang="en" lang="en">
 <head>
  <title>
</title>
<meta http-equiv="Content-Type" content="text/html;charset=utf-8" />
  <meta name='ocr-system' content='tesseract 3.04.00' />
  <meta name='ocr-capabilities' content='ocr_page ocr_carea ocr_par ocr_line ocrx_word'/>
</head>
<body>
  <div class='ocr_page' id='page_1' title='image "./scriptoresophth00radigoog_0378.png"; bbox 0 0 2746 4964; ppageno 0'>
   <div class='ocr_carea' id='block_1_1' title="bbox 325 398 1102 507">
    <p class='ocr_par' dir='ltr' id='par_1_1' title="bbox 325 398 1102 507">
     <span class='ocr_line' id='line_1_1' title="bbox 325 398 1102 507; baseline -0.001 -41"><span class='ocrx_word' id='word_1_1' title='bbox 325 422 442 466; x_wconf 78' lang='lat' dir='ltr'><strong>canos</strong></span> <span class='ocrx_word' id='word_1_2' title='bbox 467 419 595 507; x_wconf 42' lang='lat' dir='ltr'><strong>&#39;visan</strong></span> <span class='ocrx_word' id='word_1_3' title='bbox 625 418 845 467; x_wconf 76' lang='lat' dir='ltr'><strong>naricaois.</strong></span> <span class='ocrx_word' id='word_1_4' title='bbox 1059 398 1102 465; x_wconf 82' lang='lat'><strong>95</strong></span> 
     </span>
    </p>
   </div>
   <div class='ocr_carea' id='block_1_2' title="bbox 42 557 1157 2801">
    <p class='ocr_par' dir='ltr' id='par_1_2' title="bbox 66 557 1102 820">
     <span class='ocr_line' id='line_1_2' title="bbox 68 557 1102 642; baseline -0.006 -20"><span class='ocrx_word' id='word_1_5' title='bbox 68 566 153 642; x_wconf 89' lang='lat' dir='ltr'><strong>plicia</strong></span> <span class='ocrx_word' id='word_1_6' title='bbox 174 570 345 635; x_wconf 74' lang='lat' dir='ltr'>cernantur,</span> <span class='ocrx_word' id='word_1_7' title='bbox 369 570 486 636; x_wconf 76' lang='lat' dir='ltr'><strong>praeter</strong></span> <span class='ocrx_word' id='word_1_8' title='bbox 506 562 611 618; x_wconf 86' lang='lat' dir='ltr'><strong>mentis</strong></span> <span class='ocrx_word' id='word_1_9' title='bbox 633 562 834 632; x_wconf 77' lang='lat' dir='ltr'>attentionem,</span> <span class='ocrx_word' id='word_1_10' title='bbox 853 559 925 616; x_wconf 87' lang='lat' dir='ltr'><strong>locis</strong></span> <span class='ocrx_word' id='word_1_11' title='bbox 945 569 1031 619; x_wconf 77' lang='lat' dir='ltr'><strong>extro</strong></span> <span class='ocrx_word' id='word_1_12' title='bbox 1046 557 1102 617; x_wconf 89' lang='lat' dir='ltr'><strong>hoe</strong></span> 
     </span>
     <span class='ocr_line' id='line_1_3' title="bbox 66 644 1102 740; baseline -0.006 -21"><span class='ocrx_word' id='word_1_13' title='bbox 66 665 183 740; x_wconf 86' lang='lat' dir='ltr'><strong>planum</strong></span> <span class='ocrx_word' id='word_1_14' title='bbox 210 662 305 718; x_wconf 83' lang='lat' dir='ltr'><strong>minas</strong></span> <span class='ocrx_word' id='word_1_15' title='bbox 333 659 468 733; x_wconf 81' lang='lat' dir='ltr'><strong>affixam,</strong></span> <span class='ocrx_word' id='word_1_16' title='bbox 502 659 541 716; x_wconf 92' lang='lat' dir='ltr'><strong>ad</strong></span> <span class='ocrx_word' id='word_1_17' title='bbox 567 660 625 716; x_wconf 89' lang='lat' dir='ltr'><strong>tria</strong></span> <span class='ocrx_word' id='word_1_18' title='bbox 646 644 818 734; x_wconf 80' lang='lat' dir='ltr'><strong>praesertim</strong></span> <span class='ocrx_word' id='word_1_19' title='bbox 840 667 987 717; x_wconf 88' lang='lat' dir='ltr'><strong>momenta</strong></span> <span class='ocrx_word' id='word_1_20' title='bbox 1005 657 1102 715; x_wconf 89' lang='lat' dir='ltr'><strong>redire</strong></span> 
     </span>
     <span class='ocr_line' id='line_1_4' title="bbox 67 761 216 820; baseline -0.02 0"><span class='ocrx_word' id='word_1_21' title='bbox 67 761 216 820; x_wconf 84' lang='lat' dir='ltr'><strong>ridentur:</strong></span> 
     </span>
    </p>

    <p class='ocr_par' dir='ltr' id='par_1_3' title="bbox 65 853 1114 1230">
     <span class='ocr_line' id='line_1_5' title="bbox 151 853 1101 934; baseline -0.001 -19"><span class='ocrx_word' id='word_1_22' title='bbox 151 855 181 919; x_wconf 87' lang='lat'><strong>1.</strong></span> <span class='ocrx_word' id='word_1_23' title='bbox 223 854 356 933; x_wconf 83' lang='lat' dir='ltr'><strong>Spatium</strong></span> <span class='ocrx_word' id='word_1_24' title='bbox 376 853 454 913; x_wconf 88' lang='lat' dir='ltr'><strong>hand</strong></span> <span class='ocrx_word' id='word_1_25' title='bbox 474 857 617 932; x_wconf 41' lang='lat' dir='ltr'><strong>exignum*</strong></span> <span class='ocrx_word' id='word_1_26' title='bbox 632 870 667 912; x_wconf 85' lang='lat' dir='ltr'><strong>ea</strong></span> <span class='ocrx_word' id='word_1_27' title='bbox 687 863 841 934; x_wconf 80' lang='lat' dir='ltr'><strong>segmento</strong></span> <span class='ocrx_word' id='word_1_28' title='bbox 860 854 993 917; x_wconf 85' lang='lat' dir='ltr'><strong>lateralia</strong></span> <span class='ocrx_word' id='word_1_29' title='bbox 1013 871 1101 915; x_wconf 79' lang='lat' dir='ltr'><strong>occo-</strong></span> 
     </span>
     <span class='ocr_line' id='line_1_6' title="bbox 65 952 1114 1035; baseline -0.008 -20"><span class='ocrx_word' id='word_1_30' title='bbox 65 965 155 1035; x_wconf 86' lang='lat' dir='ltr'><strong>pant,</strong></span> <span class='ocrx_word' id='word_1_31' title='bbox 177 974 253 1031; x_wconf 86' lang='lat' dir='ltr'><strong>qnae</strong></span> <span class='ocrx_word' id='word_1_32' title='bbox 273 956 324 1012; x_wconf 89' lang='lat' dir='ltr'><strong>nni</strong></span> <span class='ocrx_word' id='word_1_33' title='bbox 338 963 459 1011; x_wconf 74' lang='lat' dir='ltr'><strong>tantum</strong></span> <span class='ocrx_word' id='word_1_34' title='bbox 480 955 564 1010; x_wconf 87' lang='lat' dir='ltr'><strong>oculo</strong></span> <span class='ocrx_word' id='word_1_35' title='bbox 586 955 744 1028; x_wconf 84' lang='lat' dir='ltr'><strong>conspicua</strong></span> <span class='ocrx_word' id='word_1_36' title='bbox 764 952 850 1024; x_wconf 81' lang='lat' dir='ltr'><strong>sunt,</strong></span> <span class='ocrx_word' id='word_1_37' title='bbox 872 953 1007 1027; x_wconf 88' lang='lat' dir='ltr'><strong>qnoniam</strong></span> <span class='ocrx_word' id='word_1_38' title='bbox 1028 952 1114 1010; x_wconf 74' lang='lat' dir='ltr'><strong>situs*</strong></span> 
     </span>
     <span class='ocr_line' id='line_1_7' title="bbox 66 1042 1101 1132; baseline -0.006 -20"><span class='ocrx_word' id='word_1_39' title='bbox 66 1055 235 1132; x_wconf 85' lang='lat' dir='ltr'><strong>obliquioris</strong></span> <span class='ocrx_word' id='word_1_40' title='bbox 267 1054 363 1132; x_wconf 76' lang='lat' dir='ltr'><strong>gratia</strong></span> <span class='ocrx_word' id='word_1_41' title='bbox 389 1054 487 1110; x_wconf 86' lang='lat' dir='ltr'><strong>lumen</strong></span> <span class='ocrx_word' id='word_1_42' title='bbox 514 1067 556 1109; x_wconf 83' lang='lat' dir='ltr'><strong>ex</strong></span> <span class='ocrx_word' id='word_1_43' title='bbox 581 1053 617 1109; x_wconf 92' lang='lat' dir='ltr'><strong>iis</strong></span> <span class='ocrx_word' id='word_1_44' title='bbox 645 1051 809 1128; x_wconf 86' lang='lat' dir='ltr'><strong>profectum</strong></span> <span class='ocrx_word' id='word_1_45' title='bbox 834 1042 960 1107; x_wconf 88' lang='lat' dir='ltr'><strong>retinam</strong></span> <span class='ocrx_word' id='word_1_46' title='bbox 987 1050 1101 1113; x_wconf 79' lang='lat' dir='ltr'><strong>adversi</strong></span> 
     </span>
     <span class='ocr_line' id='line_1_8' title="bbox 66 1146 465 1230; baseline -0.005 -18"><span class='ocrx_word' id='word_1_47' title='bbox 66 1155 166 1212; x_wconf 87' lang='lat' dir='ltr'><strong>latoris</strong></span> <span class='ocrx_word' id='word_1_48' title='bbox 187 1153 332 1230; x_wconf 82' lang='lat' dir='ltr'><strong>attingere</strong></span> <span class='ocrx_word' id='word_1_49' title='bbox 351 1146 465 1227; x_wconf 82' lang='lat' dir='ltr'><strong>nequit.</strong></span> 
     </span>
    </p>

    <p class='ocr_par' dir='ltr' id='par_1_4' title="bbox 66 1245 1102 1717">
     <span class='ocr_line' id='line_1_9' title="bbox 150 1245 1102 1328; baseline -0.011 -17"><span class='ocrx_word' id='word_1_50' title='bbox 150 1251 182 1311; x_wconf 88' lang='lat'><strong>2.</strong></span> <span class='ocrx_word' id='word_1_51' title='bbox 200 1246 206 1265; x_wconf 92' lang='lat'>&#39;</span> <span class='ocrx_word' id='word_1_52' title='bbox 225 1248 349 1328; x_wconf 78' lang='lat' dir='ltr'>Insignis</span> <span class='ocrx_word' id='word_1_53' title='bbox 371 1247 551 1326; x_wconf 83' lang='lat' dir='ltr'><strong>objectorum</strong></span> <span class='ocrx_word' id='word_1_54' title='bbox 577 1264 729 1321; x_wconf 86' lang='lat' dir='ltr'><strong>numerus,</strong></span> <span class='ocrx_word' id='word_1_55' title='bbox 763 1247 935 1321; x_wconf 85' lang='lat' dir='ltr'><strong>praesertim</strong></span> <span class='ocrx_word' id='word_1_56' title='bbox 963 1245 1102 1321; x_wconf 88' lang='lat' dir='ltr'><strong>adspectu</strong></span> 
     </span>
     <span class='ocr_line' id='line_1_10' title="bbox 67 1341 1102 1426; baseline -0.009 -17"><span class='ocrx_word' id='word_1_57' title='bbox 67 1351 103 1409; x_wconf 91' lang='lat' dir='ltr'><strong>ad</strong></span> <span class='ocrx_word' id='word_1_58' title='bbox 124 1349 283 1406; x_wconf 79' lang='lat' dir='ltr'><strong>remotiora</strong></span> <span class='ocrx_word' id='word_1_59' title='bbox 303 1357 460 1426; x_wconf 80' lang='lat' dir='ltr'><strong>vergente,</strong></span> <span class='ocrx_word' id='word_1_60' title='bbox 484 1348 572 1404; x_wconf 87' lang='lat' dir='ltr'><strong>ritum</strong></span> <span class='ocrx_word' id='word_1_61' title='bbox 592 1345 740 1421; x_wconf 90' lang='lat' dir='ltr'><strong>horopteri</strong></span> <span class='ocrx_word' id='word_1_62' title='bbox 760 1345 834 1402; x_wconf 89' lang='lat' dir='ltr'><strong>odeo</strong></span> <span class='ocrx_word' id='word_1_63' title='bbox 855 1345 983 1403; x_wconf 87' lang='lat' dir='ltr'><strong>vicinum</strong></span> <span class='ocrx_word' id='word_1_64' title='bbox 1003 1341 1102 1411; x_wconf 79' lang='lat' dir='ltr'><strong>habet,</strong></span> 
     </span>
     <span class='ocr_line' id='line_1_11' title="bbox 66 1439 1102 1522; baseline -0.007 -18"><span class='ocrx_word' id='word_1_65' title='bbox 66 1459 98 1504; x_wconf 88' lang='lat' dir='ltr'><strong>at</strong></span> <span class='ocrx_word' id='word_1_66' title='bbox 120 1446 279 1503; x_wconf 89' lang='lat' dir='ltr'><strong>simulacra</strong></span> <span class='ocrx_word' id='word_1_67' title='bbox 297 1446 457 1503; x_wconf 87' lang='lat' dir='ltr'><strong>retinaram</strong></span> <span class='ocrx_word' id='word_1_68' title='bbox 484 1445 637 1520; x_wconf 83' lang='lat' dir='ltr'><strong>apunctis</strong></span> <span class='ocrx_word' id='word_1_69' title='bbox 658 1442 806 1520; x_wconf 84' lang='lat' dir='ltr'><strong>horopteri</strong></span> <span class='ocrx_word' id='word_1_70' title='bbox 835 1442 991 1522; x_wconf 82' lang='lat' dir='ltr'><strong>oongruis‚</strong></span> <span class='ocrx_word' id='word_1_71' title='bbox 1018 1439 1102 1498; x_wconf 86' lang='lat' dir='ltr'><strong>diffe-</strong></span> 
     </span>
     <span class='ocr_line' id='line_1_12' title="bbox 67 1540 1101 1620; baseline -0.003 -19"><span class='ocrx_word' id='word_1_72' title='bbox 67 1545 162 1601; x_wconf 85' lang='lat' dir='ltr'><strong>rentia</strong></span> <span class='ocrx_word' id='word_1_73' title='bbox 183 1544 235 1601; x_wconf 84' lang='lat' dir='ltr'><strong>vix</strong></span> <span class='ocrx_word' id='word_1_74' title='bbox 257 1551 287 1599; x_wconf 90' lang='lat' dir='ltr'><strong>et</strong></span> <span class='ocrx_word' id='word_1_75' title='bbox 308 1560 346 1600; x_wconf 91' lang='lat' dir='ltr'><strong>ne</strong></span> <span class='ocrx_word' id='word_1_76' title='bbox 366 1545 417 1601; x_wconf 85' lang='lat' dir='ltr'><strong>vix</strong></span> <span class='ocrx_word' id='word_1_77' title='bbox 434 1543 550 1620; x_wconf 85' lang='lat' dir='ltr'><strong>quidem</strong></span> <span class='ocrx_word' id='word_1_78' title='bbox 570 1540 746 1601; x_wconf 81' lang='lat' dir='ltr'><strong>observabili</strong></span> <span class='ocrx_word' id='word_1_79' title='bbox 764 1540 981 1613; x_wconf 47' lang='lat' dir='ltr'><strong>recedant,1ae</strong></span> <span class='ocrx_word' id='word_1_80' title='bbox 1002 1541 1101 1616; x_wconf 89' lang='lat' dir='ltr'><strong>proin·</strong></span> 
     </span>
     <span class='ocr_line' id='line_1_13' title="bbox 67 1627 764 1717; baseline -0.001 -18"><span class='ocrx_word' id='word_1_81' title='bbox 67 1643 102 1700; x_wconf 90' lang='lat' dir='ltr'><strong>de</strong></span> <span class='ocrx_word' id='word_1_82' title='bbox 123 1642 248 1717; x_wconf 76' lang='lat' dir='ltr'><strong>simplici</strong></span> <span class='ocrx_word' id='word_1_83' title='bbox 268 1641 379 1698; x_wconf 85' lang='lat' dir='ltr'><strong>intuitn</strong></span> <span class='ocrx_word' id='word_1_84' title='bbox 399 1642 609 1716; x_wconf 86' lang='lat' dir='ltr'><strong>concipiantur.</strong></span> <span class='ocrx_word' id='word_1_85' title='bbox 756 1627 764 1642; x_wconf 24' lang='grc' dir='ltr'>χ</span> 
     </span>
    </p>

    <p class='ocr_par' dir='ltr' id='par_1_5' title="bbox 42 1735 1157 2801">
     <span class='ocr_line' id='line_1_14' title="bbox 150 1735 1101 1814; baseline -0.003 -16"><span class='ocrx_word' id='word_1_86' title='bbox 150 1736 184 1802; x_wconf 90' lang='grc'><strong>3.</strong></span> <span class='ocrx_word' id='word_1_87' title='bbox 227 1735 331 1796; x_wconf 82' lang='lat' dir='ltr'><strong>Sicos</strong></span> <span class='ocrx_word' id='word_1_88' title='bbox 352 1755 465 1814; x_wconf 84' lang='lat' dir='ltr'><strong>quoqne</strong></span> <span class='ocrx_word' id='word_1_89' title='bbox 486 1758 553 1812; x_wconf 85' lang='lat' dir='ltr'><strong>res,</strong></span> <span class='ocrx_word' id='word_1_90' title='bbox 582 1756 656 1814; x_wconf 86' lang='lat' dir='ltr'><strong>quae</strong></span> <span class='ocrx_word' id='word_1_91' title='bbox 684 1741 793 1812; x_wconf 75' lang='lat' dir='ltr'><strong>majore</strong></span> <span class='ocrx_word' id='word_1_92' title='bbox 814 1739 969 1797; x_wconf 87' lang='lat' dir='ltr'><strong>intervallo</strong></span> <span class='ocrx_word' id='word_1_93' title='bbox 990 1735 1027 1794; x_wconf 87' lang='lat' dir='ltr'><strong>ab</strong></span> <span class='ocrx_word' id='word_1_94' title='bbox 1048 1735 1101 1795; x_wconf 87' lang='lat' dir='ltr'><strong>ho-</strong></span> 
     </span>
     <span class='ocr_line' id='line_1_15' title="bbox 66 1830 1102 1916; baseline -0.006 -20"><span class='ocrx_word' id='word_1_95' title='bbox 66 1848 184 1914; x_wconf 86' lang='lat' dir='ltr'><strong>roptere</strong></span> <span class='ocrx_word' id='word_1_96' title='bbox 204 1835 332 1908; x_wconf 83' lang='lat' dir='ltr'><strong>distant,</strong></span> <span class='ocrx_word' id='word_1_97' title='bbox 361 1838 469 1894; x_wconf 84' lang='lat' dir='ltr'><strong>clarina</strong></span> <span class='ocrx_word' id='word_1_98' title='bbox 490 1837 662 1916; x_wconf 79' lang='lat' dir='ltr'><strong>dignoscere</strong></span> <span class='ocrx_word' id='word_1_99' title='bbox 682 1839 828 1913; x_wconf 83' lang='lat' dir='ltr'><strong>cupimus,</strong></span> <span class='ocrx_word' id='word_1_100' title='bbox 856 1855 944 1913; x_wconf 88' lang='lat' dir='ltr'><strong>qnam</strong></span> <span class='ocrx_word' id='word_1_101' title='bbox 965 1830 1102 1893; x_wconf 84' lang='lat' dir='ltr'><strong>citissime</strong></span> 
     </span>
     <span class='ocr_line' id='line_1_16' title="bbox 66 1924 1102 2013; baseline -0.004 -19"><span class='ocrx_word' id='word_1_102' title='bbox 66 1937 219 1994; x_wconf 88' lang='lat' dir='ltr'><strong>oculorum</strong></span> <span class='ocrx_word' id='word_1_103' title='bbox 238 1935 389 1992; x_wconf 75' lang='lat' dir='ltr'><strong>inclinatio</strong></span> <span class='ocrx_word' id='word_1_104' title='bbox 410 1952 463 2010; x_wconf 87' lang='lat' dir='ltr'><strong>per</strong></span> <span class='ocrx_word' id='word_1_105' title='bbox 484 1936 581 1999; x_wconf 80' lang='lat' dir='ltr'><strong>varios</strong></span> <span class='ocrx_word' id='word_1_106' title='bbox 602 1924 711 2013; x_wconf 70' lang='lat' dir='ltr'><strong>gradus</strong></span> <span class='ocrx_word' id='word_1_107' title='bbox 730 1936 918 2009; x_wconf 83' lang='lat' dir='ltr'><strong>immutatur,</strong></span> <span class='ocrx_word' id='word_1_108' title='bbox 949 1944 984 1991; x_wconf 86' lang='lat' dir='ltr'><strong>ot</strong></span> <span class='ocrx_word' id='word_1_109' title='bbox 1004 1935 1102 1993; x_wconf 80' lang='lat' dir='ltr'><strong>axium</strong></span> 
     </span>
     <span class='ocr_line' id='line_1_17' title="bbox 42 2032 1157 2109; baseline -0.005 -17"><span class='ocrx_word' id='word_1_110' title='bbox 42 2082 45 2087; x_wconf 21' lang='grc' dir='ltr'><strong>Δ</strong></span> <span class='ocrx_word' id='word_1_111' title='bbox 67 2034 237 2092; x_wconf 87' lang='lat' dir='ltr'><strong>intersectio</strong></span> <span class='ocrx_word' id='word_1_112' title='bbox 258 2050 277 2091; x_wconf 90' lang='lat' dir='ltr'><strong>a</strong></span> <span class='ocrx_word' id='word_1_113' title='bbox 296 2034 436 2109; x_wconf 84' lang='lat' dir='ltr'><strong>proximis</strong></span> <span class='ocrx_word' id='word_1_114' title='bbox 457 2033 494 2090; x_wconf 90' lang='lat' dir='ltr'><strong>ad</strong></span> <span class='ocrx_word' id='word_1_115' title='bbox 515 2034 708 2089; x_wconf 84' lang='lat' dir='ltr'><strong>remotissima</strong></span> <span class='ocrx_word' id='word_1_116' title='bbox 730 2032 880 2105; x_wconf 85' lang='lat' dir='ltr'><strong>decurrat,</strong></span> <span class='ocrx_word' id='word_1_117' title='bbox 909 2049 945 2088; x_wconf 87' lang='lat' dir='ltr'><strong>oe</strong></span> <span class='ocrx_word' id='word_1_118' title='bbox 964 2032 1103 2106; x_wconf 87' lang='lat' dir='ltr'><strong>temporis</strong></span> <span class='ocrx_word' id='word_1_119' title='bbox 1151 2054 1157 2079; x_wconf 57' lang='grc' dir='ltr'><strong>»ι</strong></span> 
     </span>
     <span class='ocr_line' id='line_1_18' title="bbox 67 2113 1104 2205; baseline -0.007 -14"><span class='ocrx_word' id='word_1_120' title='bbox 67 2133 234 2191; x_wconf 77' lang='lat' dir='ltr'><strong>discrimine</strong></span> <span class='ocrx_word' id='word_1_121' title='bbox 262 2132 314 2188; x_wconf 77' lang='lat' dir='ltr'><strong>vix</strong></span> <span class='ocrx_word' id='word_1_122' title='bbox 340 2131 465 2190; x_wconf 78' lang='lat' dir='ltr'><strong>notabili</strong></span> <span class='ocrx_word' id='word_1_123' title='bbox 491 2140 598 2188; x_wconf 67' lang='lat' dir='ltr'><strong>canem</strong></span> <span class='ocrx_word' id='word_1_124' title='bbox 616 2131 711 2205; x_wconf 80' lang='lat' dir='ltr'><strong>‘plano</strong></span> <span class='ocrx_word' id='word_1_125' title='bbox 739 2113 901 2205; x_wconf 86' lang='lat' dir='ltr'><strong>horopteris</strong></span> <span class='ocrx_word' id='word_1_126' title='bbox 929 2138 960 2187; x_wconf 88' lang='lat' dir='ltr'><strong>et</strong></span> <span class='ocrx_word' id='word_1_127' title='bbox 979 2128 1104 2204; x_wconf 81' lang='lat' dir='ltr'><strong>simplici</strong></span> 
     </span>
     <span class='ocr_line' id='line_1_19' title="bbox 67 2225 1105 2308; baseline -0.004 -20"><span class='ocrx_word' id='word_1_128' title='bbox 67 2231 178 2289; x_wconf 84' lang='lat' dir='ltr'><strong>intuitu</strong></span> <span class='ocrx_word' id='word_1_129' title='bbox 205 2230 394 2306; x_wconf 83' lang='lat' dir='ltr'><strong>excipiantur.</strong></span> <span class='ocrx_word' id='word_1_130' title='bbox 439 2225 579 2308; x_wconf 78' lang='lat' dir='ltr'><strong>Singulae</strong></span> <span class='ocrx_word' id='word_1_131' title='bbox 605 2229 681 2287; x_wconf 84' lang='lat' dir='ltr'><strong>istae</strong></span> <span class='ocrx_word' id='word_1_132' title='bbox 707 2228 987 2302; x_wconf 72' lang='lat' dir='ltr'><strong>repraesentationes</strong></span> <span class='ocrx_word' id='word_1_133' title='bbox 1006 2235 1105 2284; x_wconf 90' lang='lat' dir='ltr'><strong>mente</strong></span> 
     </span>
     <span class='ocr_line' id='line_1_20' title="bbox 67 2326 1146 2404; baseline -0.008 -16"><span class='ocrx_word' id='word_1_134' title='bbox 67 2331 248 2401; x_wconf 83' lang='lat' dir='ltr'><strong>retinentur,</strong></span> <span class='ocrx_word' id='word_1_135' title='bbox 271 2346 307 2386; x_wconf 87' lang='lat' dir='ltr'><strong>ac</strong></span> <span class='ocrx_word' id='word_1_136' title='bbox 326 2331 359 2386; x_wconf 90' lang='lat' dir='ltr'><strong>in</strong></span> <span class='ocrx_word' id='word_1_137' title='bbox 378 2346 467 2403; x_wconf 82' lang='lat' dir='ltr'><strong>unam</strong></span> <span class='ocrx_word' id='word_1_138' title='bbox 488 2329 579 2386; x_wconf 84' lang='lat' dir='ltr'><strong>totins</strong></span> <span class='ocrx_word' id='word_1_139' title='bbox 599 2328 694 2404; x_wconf 87' lang='lat' dir='ltr'><strong>campi</strong></span> <span class='ocrx_word' id='word_1_140' title='bbox 713 2328 815 2386; x_wconf 83' lang='lat' dir='ltr'><strong>visorii</strong></span> <span class='ocrx_word' id='word_1_141' title='bbox 834 2334 1024 2402; x_wconf 86' lang='lat' dir='ltr'><strong>conspectum</strong></span> <span class='ocrx_word' id='word_1_142' title='bbox 1041 2326 1103 2382; x_wconf 87' lang='lat' dir='ltr'><strong>eol·</strong></span> <span class='ocrx_word' id='word_1_143' title='bbox 1143 2374 1146 2379; x_wconf 82' lang='grc'><strong>.</strong></span> 
     </span>
     <span class='ocr_line' id='line_1_21' title="bbox 66 2423 1103 2507; baseline -0.003 -23"><span class='ocrx_word' id='word_1_144' title='bbox 66 2431 219 2507; x_wconf 74' lang='lat' dir='ltr'><strong>lignntnr,</strong></span> <span class='ocrx_word' id='word_1_145' title='bbox 246 2429 278 2483; x_wconf 93' lang='lat' dir='ltr'><strong>in</strong></span> <span class='ocrx_word' id='word_1_146' title='bbox 299 2445 356 2504; x_wconf 91' lang='lat' dir='ltr'><strong>qno</strong></span> <span class='ocrx_word' id='word_1_147' title='bbox 376 2437 495 2502; x_wconf 89' lang='lat' dir='ltr'><strong>praeter</strong></span> <span class='ocrx_word' id='word_1_148' title='bbox 514 2444 566 2500; x_wconf 84' lang='lat' dir='ltr'><strong>ea,</strong></span> <span class='ocrx_word' id='word_1_149' title='bbox 594 2444 670 2503; x_wconf 84' lang='lat' dir='ltr'><strong>quae</strong></span> <span class='ocrx_word' id='word_1_150' title='bbox 689 2424 775 2483; x_wconf 91' lang='lat' dir='ltr'><strong>modo</strong></span> <span class='ocrx_word' id='word_1_151' title='bbox 802 2426 920 2502; x_wconf 88' lang='lat' dir='ltr'><strong>planam</strong></span> <span class='ocrx_word' id='word_1_152' title='bbox 940 2423 1103 2501; x_wconf 88' lang='lat' dir='ltr'><strong>horopteris</strong></span> 
     </span>
     <span class='ocr_line' id='line_1_22' title="bbox 68 2521 1103 2607; baseline -0.012 -18"><span class='ocrx_word' id='word_1_153' title='bbox 68 2538 231 2607; x_wconf 84' lang='lat' dir='ltr'><strong>occupant,</strong></span> <span class='ocrx_word' id='word_1_154' title='bbox 259 2527 372 2600; x_wconf 87' lang='lat' dir='ltr'><strong>reliqua</strong></span> <span class='ocrx_word' id='word_1_155' title='bbox 393 2528 480 2583; x_wconf 84' lang='lat' dir='ltr'><strong>etiarn</strong></span> <span class='ocrx_word' id='word_1_156' title='bbox 501 2527 588 2583; x_wconf 88' lang='lat' dir='ltr'><strong>unica</strong></span> <span class='ocrx_word' id='word_1_157' title='bbox 610 2523 758 2584; x_wconf 84' lang='lat' dir='ltr'><strong>videntur.</strong></span> <span class='ocrx_word' id='word_1_158' title='bbox 800 2521 862 2580; x_wconf 94' lang='lat' dir='ltr'><strong>lmo</strong></span> <span class='ocrx_word' id='word_1_159' title='bbox 882 2524 1016 2581; x_wconf 82' lang='lat' dir='ltr'><strong>veritatis</strong></span> <span class='ocrx_word' id='word_1_160' title='bbox 1036 2539 1103 2597; x_wconf 89' lang='lat' dir='ltr'><strong>spe·</strong></span> 
     </span>
     <span class='ocr_line' id='line_1_23' title="bbox 67 2620 1102 2709; baseline -0.012 -22"><span class='ocrx_word' id='word_1_161' title='bbox 67 2631 141 2687; x_wconf 91' lang='lat' dir='ltr'><strong>ciem</strong></span> <span class='ocrx_word' id='word_1_162' title='bbox 162 2625 269 2698; x_wconf 85' lang='lat' dir='ltr'><strong>habet,</strong></span> <span class='ocrx_word' id='word_1_163' title='bbox 296 2625 446 2709; x_wconf 79' lang='lat' dir='ltr'><strong>aeqnalem</strong></span> <span class='ocrx_word' id='word_1_164' title='bbox 472 2622 654 2680; x_wconf 84' lang='lat' dir='ltr'><strong>functionum</strong></span> <span class='ocrx_word' id='word_1_165' title='bbox 679 2623 786 2678; x_wconf 87' lang='lat' dir='ltr'><strong>seriem</strong></span> <span class='ocrx_word' id='word_1_166' title='bbox 806 2622 919 2697; x_wconf 83' lang='lat' dir='ltr'><strong>saepius</strong></span> <span class='ocrx_word' id='word_1_167' title='bbox 939 2621 971 2677; x_wconf 90' lang='lat' dir='ltr'><strong>in</strong></span> <span class='ocrx_word' id='word_1_168' title='bbox 992 2620 1102 2695; x_wconf 87' lang='lat' dir='ltr'><strong>perspi·</strong></span> 
     </span>
     <span class='ocr_line' id='line_1_24' title="bbox 69 2716 910 2801; baseline -0.008 -18"><span class='ocrx_word' id='word_1_169' title='bbox 69 2726 180 2785; x_wconf 80' lang='lat' dir='ltr'><strong>ciendis</strong></span> <span class='ocrx_word' id='word_1_170' title='bbox 202 2724 303 2801; x_wconf 88' lang='lat' dir='ltr'><strong>spatiis</strong></span> <span class='ocrx_word' id='word_1_171' title='bbox 323 2719 482 2782; x_wconf 75' lang='lat' dir='ltr'><strong>minoribus</strong></span> <span class='ocrx_word' id='word_1_172' title='bbox 503 2721 597 2780; x_wconf 82' lang='lat' dir='ltr'><strong>inscia</strong></span> <span class='ocrx_word' id='word_1_173' title='bbox 616 2728 714 2780; x_wconf 77' lang='lat' dir='ltr'><strong>mente</strong></span> <span class='ocrx_word' id='word_1_174' title='bbox 735 2716 845 2796; x_wconf 85' lang='lat' dir='ltr'><strong>perfici.</strong></span> <span class='ocrx_word' id='word_1_175' title='bbox 867 2749 910 2761; x_wconf 91' lang='lat'><strong>·-</strong></span> 
     </span>
    </p>
   </div>
   <div class='ocr_carea' id='block_1_3' title="bbox 0 0 1381 4964">
    <p class='ocr_par' dir='ltr' id='par_1_6' title="bbox 0 0 1381 4964">
     <span class='ocr_line' id='line_1_25' title="bbox 0 0 1381 4964; baseline 0 0"><span class='ocrx_word' id='word_1_176' title='bbox 0 0 1381 4964; x_wconf 95' lang='lat' dir='ltr'><strong> </strong></span> 
     </span>
    </p>
   </div>
  </div>
 </body>
</html>
