2722 4956
315 385 498 433 colosum
527 349 832 439 rursrosoorcs.
1059 378 1103 442 37

56 540 242 605 menifestum
259 541 325 619 erit,
336 544 399 614 ,sed
412 547 508 625 magis
520 544 613 607 adhuc
628 546 835 626 ultimahujas
854 556 997 617 macutus
1010 564 1098 626 pora-

51 640 176 721 grspho,
191 643 332 722 vulgatae
342 646 471 705 colorum
482 642 749 725 physiologicorum
768 644 965 706 eNewtoni
982 648 1097 715 ratione

51 741 287 818 interpretationi
306 742 486 801 refellendae
507 743 663 818 destinata,
685 746 805 820 planum
826 753 993 822 certumque
1013 744 1073 809 liet.-

139 836 273 901 Ceterum
292 840 407 899 inficias
427 842 471 903 ire
492 858 553 903 neu
574 859 708 918 possum,
742 841 957 915 Goethium‚
987 861 1052 901 cnm
1079 864 1095 901 e

49 935 198 997 coloribus
225 939 342 998 restimi
373 956 462 1013 posse
495 938 659 999 albedinem
687 960 809 1019 prorsus
841 949 980 1022 negaret,
1013 943 1093 999 ultra

48 1036 204 1097 terminum
224 1046 408 1111 provectum,
421 1036 467 1095 in
489 1056 618 1096 errorem
638 1039 788 1103 incidisse.
832 1036 873 1097 ht
891 1040 1006 1113 inpulit
1028 1057 1093 1096 eum

48 1131 229 1193 Nestoni
253 1135 418 1197 commoriar
439 1153 538 1208 error,
557 1138 605 1194 eui
625 1136 740 1212 quidem
758 1140 824 1212 June
845 1138 897 1194 ille
918 1135 1093 1213 opponebat,
1162 1164 1169 1177 ·

47 1232 216 1309 nentiquam
238 1252 255 1291 e
276 1235 407 1317 colorem
429 1234 651 1293 coacervatione
673 1235 768 1292 lucem
789 1235 862 1292 oriri
889 1254 996 1312 posse,
1024 1237 1094 1310 qnia

48 1331 164 1389 seilicet
185 1330 307 1409 quilibet
335 1333 417 1393 color
441 1339 501 1388 tam
527 1330 647 1391 umbrae
679 1351 764 1410 quam
790 1333 865 1393 lacis
894 1340 972 1389 eeset
997 1332 1091 1409 parti-

46 1447 134 1504 ceps:
163 1447 283 1511 σκιερον
309 1416 500 1509 οῑςοῖειιιά,
529 1431 623 1489 colori
640 1433 803 1507 proprium,
831 1440 862 1497 ot
882 1429 930 1487 hio
955 1430 1090 1510 urgebat.

46 1528 185 1595 Quamvis
206 1537 305 1587 antem
332 1546 399 1589 enne
424 1545 485 1586 non
510 1528 634 1600 lateret,
662 1514 776 1589 colores
802 1528 1007 1607 physiologiae
1034 1527 1091 1586 sihi

42 1626 172 1684 invicem
192 1627 343 1702 oppositos
365 1624 551 1700 copulatione
570 1624 681 1687 destnri
703 1630 785 1686 etin
807 1631 953 1686 cinereum
969 1626 1090 1699 resolvi,

43 1733 144 1785 temen
164 1721 224 1783 hoe
239 1745 260 1800 e¹
277 1708 581 1801 solof'coaoersatione
596 1727 685 1787 trium
703 1729 833 1786 celorum
853 1724 982 1783 chemico
1000 1743 1087 1783 sensu

41 1823 247 1901 primariorum
272 1810 439 1898 repetebat,
472 1823 742 1900 contendehetque,
774 1840 811 1881 ex
845 1822 987 1900 eJ'asmodi
1017 1841 1088 1883 con-

38 1922 197 1999 junctione
214 1925 316 1998 ntique
337 1929 367 1980 et
390 1922 587 1980 essentialiter
615 1925 778 1994 cinereum,
805 1940 867 1980 non
894 1921 1014 1999 perinde
1042 1924 1088 1979 al-

40 2019 114 2079 hum
130 2020 203 2079 oriri
221 2018 325 2093 dehere
346 2021 483 2083 colorem.
526 2020 584 2081 Hic
602 2031 699 2080 autem
716 2039 798 2078 error
821 2020 889 2079 inde
912 2019 1087 2101 repetendus

40 2127 108 2193 est,
133 2116 209 2194 quod
233 2136 360 2179 summus
386 2119 433 2175 vir
465 2136 563 2176 veram
587 2128 616 2177 et
638 2119 815 2194 primitivam
838 2120 968 2176 colorum
995 2118 1087 2176 ratio·

38 2235 111 2277 nem
130 2235 191 2275 non
211 2203 384 2289 assecutus,
410 2234 505 2293 neque
526 2217 605 2275 ultra
629 2215 814 2293 physicorum
835 2218 965 2275 colorum
991 2217 1087 2294 legem
1177 2222 1183 2231 '

38 2316 210 2398 generalem
240 2331 430 2393 progressus,
471 2315 561 2373 etiem
587 2332 687 2375 veram
714 2315 936 2391 prhnariamque
968 2332 1086 2387 causam

38 2425 106 2475 tnm
132 2413 339 2472 destructionis
367 2415 498 2472 colorum
525 2433 563 2471 ex
595 2414 793 2489 oppositorum
823 2415 1086 2491 coagmentatione,

37 2525 106 2573 tom
136 2504 228 2591 ipsius
259 2496 384 2593 osrmpoo
417 2511 564 2573 colorihus
585 2512 695 2588 proprii
727 2512 893 2571 necessario
920 2510 1085 2590 ignorabat,

36 2611 107 2671 Hoc
128 2620 230 2669 nostra
250 2593 327 2668 enim
350 2611 466 2669 ratione
489 2610 602 2667 demum
623 2618 721 2684 patet,
749 2611 861 2668 colores
882 2607 1085 2686 physiologice

34 2710 98 2771 sihi
120 2709 269 2786 oppositos
290 2709 400 2768 idcireo
421 2709 675 2787 coagmentatione
697 2706 828 2782 destrui,
856 2708 924 2785 quia
946 2706 1086 2783 bipartita

31 2809 152 2870 retinae
179 2809 257 2867 actio
285 2825 320 2865 ea
347 2809 553 2884 coniunctione
579 2805 816 2886 redintegratur,
841 2807 928 2878 item,
964 2821 1084 2884 oxsrpoo

31 2906 136 2981 istud,
171 2880 264 2965 eolhri
289 2907 392 2983 utique
419 2906 583 2982 proprium,
616 2907 682 2980 ipse
709 2906 805 2983 quiete
831 2905 924 2981 partis
952 2904 1084 2974 alterius,

29 3012 69 3068 in
88 3006 215 3064 actionis
236 3004 348 3063 retineo
368 3003 555 3081 bipertitione
577 3003 714 3078 feriatae,
737 3002 826 3077 effici,
854 3012 941 3079 atque
962 2999 1083 3075 proinde

28 3103 205 3166 necessario
229 3120 412 3175 evanescere,
434 3108 615 3177 comportes
636 3101 707 3157 illae
729 3101 872 3158 discretae
888 3103 1083 3163 iterumeon·

25 3209 218 3283 junguntur3
250 3202 296 3258 sin
317 3209 416 3258 tamen
438 3219 476 3259 ex
497 3218 532 3256 ee
555 3200 761 3276 conjunctione
783 3198 916 3256 cinereus
939 3186 993 3274 pro
1015 3197 1082 3256 alho

28 3300 140 3362 existit
165 3300 267 3374 color,
290 3297 347 3358 hoc
374 3298 443 3357 inde
467 3298 558 3372 oriri,
592 3297 669 3376 quod
698 3293 833 3355 chemicis
860 3297 1007 3355 coloribus
1033 3314 1082 3354 res
1128 3329 1132 3333 ·

26 3396 144 3459 effecta
166 3398 221 3471 sit,
244 3398 306 3475 qui²
325 3415 390 3454 enm
411 3398 472 3454 rint
494 3391 600 3459 causae
622 3396 730 3455 coloris
751 3382 888 3452 externae
910 3378 1082 3471 ¹ct'proinde

22 3497 220 3569 materiales,
249 3496 337 3554 etiam
357 3494 506 3552 residuum
532 3495 699 3552 necessario
728 3493 876 3551 materiale
902 3488 1082 3567 relinquunt,

24 3594 114 3674 quod
143 3593 261 3671 (guidem
283 3594 428 3653 cinereum
456 3588 540 3650 illhm
565 3593 717 3672 progignit
743 3593 887 3665 colorem,
914 3609 977 3650 non
1004 3609 1020 3646 e
1048 3608 1081 3646 re

21 3698 97 3772 ipse
120 3702 238 3767 namn,
266 3692 319 3750 sed
340 3691 487 3759 coloribus
509 3674 712 3751 adventitium.
802 3720 810 3731 ι
942 3750 946 3759 ,
1043 3706 1047 3713 ’

120 3790 208 3849 Absit
239 3799 355 3867 temen,
386 3799 421 3848 ut
449 3807 563 3848 errores
598 3790 670 3848 istos
702 3788 776 3848 vitio
813 3797 928 3853 vertere
956 3787 1083 3847 velimus

20 3907 147 3951 summo
169 3889 251 3962 viro,
277 3891 328 3967 qni
355 3891 485 3948 colorum
511 3888 709 3968 cognitionem
736 3894 781 3946 tot
806 3887 944 3965 purgavit
973 3885 1082 3942 errori-

18 3989 103 4063 hus,
137 3996 186 4047 tot
215 3986 322 4046 ditarit
350 3985 532 4051 veritatibus.
581 3986 662 4059 Bene
694 3994 791 4055 autem
817 3986 893 4045 dixit
919 3984 1080 4047 Seneca:

18 4086 199 4147 inventuris
225 4086 346 4147 inventa
372 4104 432 4147 non
465 4078 599 4147 ohstent:
628 4094 781 4165 praeterea,
811 4083 940 4144 conditio
970 4083 1084 4161 optim

19 4196 74 4245 est
100 4184 210 4248 ultimi.
361 4272 373 4311 x
