2682 4950
174 492 178 503 x
278 420 472 475 sroussss
492 420 711 472 sssnusns
734 421 843 466 curs.
1041 412 1083 474 85
1116 440 1121 450 ·

23 587 191 661 ageretur,
217 587 252 638 ut
274 598 359 641 nemo
380 584 473 658 pejus.
516 579 557 639 Et
576 589 679 651 tomen
703 598 756 655 per
783 574 870 637 dsosl
899 597 930 636 se
958 578 1082 661 impavi-

21 678 103 737 dum
135 696 200 739 esse
227 676 405 745 sntnmsbst,
468 677 602 737 Flerer
641 686 675 735 ut
707 679 831 752 primum
864 678 981 737 oooasio
1012 679 1081 755 fuit,

18 777 143 835 ferrum
173 774 280 834 indidit
307 777 393 835 ooulo
422 776 563 850 dextero,
592 779 712 853 jamque
740 784 839 833 motus
864 776 1080 853 reclinationis,

19 893 97 932 eum
124 875 190 931 lens
220 872 388 933 duriuscule
415 885 511 957 esset,
535 873 676 951 periinere
701 872 833 950 parebat.
885 871 961 935 Tuo
989 893 1079 955 aeger

15 970 208 1032 horrendum
238 973 271 1030 in
303 971 439 1046 modum,
465 972 612 1050 palpebris
644 973 844 1045 semlelssrsis,
879 989 981 1029 rursus
1013 973 1079 1033 bul·

16 1071 98 1130 bnsm
131 1071 286 1144 attollere,
318 1088 397 1128 nuno
428 1073 579 1149 superiora
598 1088 686 1129 vnune
715 1070 858 1128 interiora
890 1086 994 1128 versus
1026 1071 1079 1131 ab·

16 1169 118 1244 dere,
155 1178 185 1226 et
212 1187 335 1249 urgere,
372 1169 534 1248 iterumque
565 1167 630 1228 fieri
660 1170 826 1245 inquietus,
866 1176 901 1225 ut
930 1170 1078 1243 ,oreoma-

16 1282 107 1331 mon.
158 1267 227 1326 ldeo
263 1268 371 1325 omisso
403 1268 606 1327 reclinationis
640 1267 781 1339 oonsilio,
819 1267 887 1342 quia
919 1270 1078 1327 neeesssrii

15 1375 126 1437 motus
158 1364 406 1441 impediebantur,
440 1367 591 1442 neptulam
618 1365 769 1438 scindere,
798 1373 828 1421 et
859 1365 986 1440 lentam,
1021 1385 1079 1444 qua

16 1465 96 1524 lieri
121 1472 256 1540 poterat,
284 1463 432 1522 dissonare
460 1464 607 1541 strepit·
632 1463 697 1522 Neo
724 1465 838 1521 interes
866 1463 930 1520 sine
954 1462 1079 1523 difficul-

15 1572 108 1637 tste;
138 1578 223 1633 nom,
243 1561 323 1638 quod
343 1561 479 1637 preaibns
499 1565 590 1642 longo
611 1571 679 1639 post
707 1570 837 1638 ternpore
857 1579 919 1621 non
940 1562 1078 1640 impetra·

14 1667 129 1729 verat,
164 1667 198 1715 ut
224 1675 334 1733 oornsa
361 1668 493 1734 pateret,
528 1661 664 1719 oonsulto
700 1670 836 1735 operator
864 1657 978 1719 modies
1006 1679 1077 1729 sous

13 1757 180 1836 pressione
201 1774 289 1832 super
309 1759 425 1815 tnnioos
447 1756 538 1831 bulbi,
561 1755 606 1817 bis
627 1755 759 1815 effeeisse
782 1756 902 1819 fstetur.
947 1758 1076 1836 Vespere
1199 1793 1204 1809 ·

1 1855 156 1924 ,vomitus
178 1854 348 1913 subsecutus
373 1866 435 1930 est,
464 1856 514 1933 qui
536 1854 630 1913 denuo
658 1856 749 1931 rediit
774 1856 806 1911 in
833 1864 958 1918 noctem.
1003 1856 1077 1916 Post

13 1955 70 2014 ubi
96 1952 375 2033 relietlsstmgulis
399 1955 516 2012 oculum
535 1971 624 2032 seges
645 1952 855 2030 inspiciendum
873 1952 999 2029 obtulit,
1021 1975 1075 2032 pu·

1 2054 97 2132 ,pilia
126 2049 258 2126 protecto
285 2054 431 2131 regularis
458 2062 489 2110 et
514 2051 673 2110 lstiusoulo
702 2060 731 2108 et
755 2052 882 2109 normsli
909 2053 968 2113 situ
994 2072 1075 2112 oom-

1 2149 123 2229 ,posita
140 2149 204 2206 viss
220 2157 274 2211 est.
304 2148 466 2231 Jamnuuo
484 2150 577 2223 vides,
599 2167 693 2227 neque
708 2150 957 2225 punctiunculam,
978 2169 1075 2229 neque

1 2248 245 2326 ,lacerationem
262 2264 357 2324 neque
368 2251 544 2320 enesionem,
562 2266 658 2333 neque
673 2249 780 2305 vulnus
797 2248 1001 2324 nervulorum3
1021 2248 1074 2308 sed

10 2348 221 2428 pressionem,
247 2347 467 2420 oontnsionasn,
486 2348 703 2406 suenussionem
723 2347 970 2424 instrumentique
989 2366 1073 2406 man·

10 2448 139 2507 sionem
157 2446 191 2501 in
209 2445 296 2505 oeulo
316 2444 484 2504 necessario
506 2442 650 2503 diutinam
673 2462 726 2520 pro
749 2462 837 2502 esuss
864 2448 989 2503 vomitus
1006 2450 1073 2522 jure

1 2546 186 2626 *meritoque
200 2544 361 2601 ¹recenseri
387 2542 500 2604 debere.
549 2540 747 2600 Nihilominus
772 2560 878 2621 aeger,
907 2545 1072 2604 nsrootieo·

7 2662 87 2704 ms
119 2650 210 2717 atque
237 2640 544 2719 sntiphlogistioorum
566 2658 622 2716 ope
651 2640 812 2713 composuit
839 2641 1000 2714 vomitum,
1024 2644 1071 2700 in·

6 2741 306 2817 &memoremque
326 2738 542 2811 averrunessit,
571 2746 602 2795 et
623 2736 810 2813 absorptione
832 2747 1000 2799 ostarsotae
1022 2741 1071 2798 in-

7 2849 111 2901 ame
135 2839 231 2896 visum
250 2838 371 2914 strepit.
436 2880 439 2891 «
943 2835 947 2843 ’

108 2936 214 3005 Quoad
235 2955 334 2996 oursm
356 2937 436 2995 omni
455 2953 528 2994 saro
547 2935 676 2994 remedia
703 2937 856 3015 proposita
880 2945 966 3010 sunt,
995 2956 1071 3016 qnss

4 3052 207 3112 oompsssere
227 3037 331 3094 valant
348 3033 587 3093 insitsbilitatsm
605 3052 762 3095 mersorum
782 3036 950 3109 sdaumsm,
972 3038 1070 3112 opium

13 3134 201 3209 ueprimis.
246 3133 359 3203 Quodsi
387 3134 492 3191 amosis
520 3131 678 3210 eodemque
705 3143 835 3210 tempore
861 3135 970 3195 iritidis
996 3154 1066 3194 oon·

1 3242 145 3297 amant
165 3236 376 3311 symptomata,
404 3242 475 3290 tune
502 3228 656 3291 metbodus
673 3230 883 3291 ‘sntistbenios
909 3234 1070 3310 prinoipem

14 3351 120 3397 mm
140 3329 286 3391 deiendotss
331 3327 366 3388 Si
384 3346 456 3389 vero
483 3329 631 3389 mobilitas
658 3349 783 3389 nervosa
812 3333 955 3408 simplex,
983 3351 1068 3391 usum

20 3445 169 3493 smum
207 3427 270 3503 opii
305 3435 513 3504 externumque
557 3427 664 3486 mediol
709 3448 809 3488 omnes
849 3427 1068 3492 eoneelebrsut.

9 3540 20 3587 s
29 3533 98 3613 pio
128 3528 174 3585 nil
206 3524 410 3604 praestabilius
442 3535 495 3583 sut
524 3527 664 3602 promtius
696 3545 762 3584 esso
789 3526 883 3584 eredit
908 3526 984 3585 idom
1013 3546 1068 3585 er·

113 3623 275 3698 Sosrpa,
307 3622 375 3700 qui,
408 3632 443 3681 nt
475 3621 532 3680 boo
563 3635 754 3700 aompoustnr
785 3644 941 3684 nervorum
975 3625 1063 3685 diasi-
1155 3696 1161 3709 .

5 3731 48 3780 ..Ἃ
156 3723 315 3799 clysterem
346 3706 451 3779 ‘suadet
478 3739 516 3778 ex
542 3739 609 3784 une.
638 3732 704 3781 noto
740 3722 854 3801 deooet.
887 3722 1061 3805 chemmin,

3 3870 10 3879 .
63 3820 187 3882 duobos
207 3838 292 3902 gron.
314 3819 392 3895 opii,
413 3828 495 3895 eum,
517 3820 543 3879 si
564 3820 755 3881 sommum
775 3822 960 3898 santrioulo,
980 3821 1066 3881 illiso

22 3922 158 3983 'buitim
178 3952 183 3979 s
