2728 4960
264 350 307 416 10
337 340 340 347 ⁴
423 432 426 439 Χ
551 351 766 413 Toosrosn
796 371 843 435 oxa
867 368 1013 416 usuras

219 534 222 539 ⁴
262 506 407 588 Meyer,
429 512 594 572 morracios
614 511 820 573 interminum
839 513 960 572 visionis
979 510 1162 591 inquirendo,
1179 528 1271 570 neno·
1336 484 1337 541 3

249 606 370 667 'rabiles
390 607 444 667 has
464 606 645 667 differentias
666 611 873 669 animadvertit
892 609 936 683 ¹)=
957 612 1023 669 luce
1045 608 1155 682 diurna,
1173 610 1202 667 in
1217 612 1271 667 loeo
1336 604 1337 675 i

214 746 217 750 -
262 705 399 766 umbroso
415 716 555 783 punctum
572 709 700 787 nigrum,
721 713 806 784 cujus
826 710 968 769 demeter-
983 703 1026 782 Ψ
1041 706 1166 783 patebat,
1186 706 1272 771 distin,

262 806 313 884 gui
324 815 440 880 poterat
453 824 470 862 e
484 801 811 884 distantiaiss'*,13',
832 810 957 864 termino
973 808 1092 865 visionis
1111 809 1196 885 igitur
1209 808 1273 863 circa
1336 808 1337 859 l

261 895 319 963 30⁰
339 900 474 964 habente.
518 901 603 961 Circa
629 903 738 982 figuras
767 907 885 965 striatas
913 914 1001 980 atque
1025 907 1194 963 cancellatas
1210 906 1273 978 peri·

261 1001 361 1060 aulum
380 1002 515 1076 facienti,
543 1005 684 1065 terminus
706 1006 926 1062 visionisintra
945 997 1004 1064 30⁰
1025 1012 1055 1059 et
1076 997 1130 1062 dli
1148 1001 1274 1060 variabilis

262 1101 374 1173 evasit,
402 1112 498 1177 ,prout
524 1118 626 1178 nempe
652 1104 791 1163 striarum
819 1101 855 1159 ab
884 1103 1010 1160 invicem
1037 1100 1170 1160 distantia
1195 1082 1275 1158 minor

260 1203 391 1275 majorve
415 1201 545 1277 ipsarum
571 1201 727 1259 latitudine
754 1200 898 1258 delineata
924 1200 996 1272 fuit,
1031 1200 1117 1276 idque
1142 1207 1274 1272 propterea

169 1345 199 1379 Ἴ]
262 1299 371 1373 evenit,
392 1303 462 1376 quia
481 1302 638 1375 posteriori
658 1301 690 1359 in
711 1318 782 1363 casu
802 1300 904 1357 circuli
926 1296 1110 1373 dispersionis
1129 1298 1159 1354 in
1172 1297 1273 1370 amplio-

261 1413 325 1455 rem
350 1397 545 1475 peripheriam
565 1376 697 1456 *distrahi
716 1406 867 1474 poterant,
901 1397 1274 1472 autequamcommisecren·

262 1502 322 1556 tur.
370 1493 462 1554 Porro
489 1494 556 1554 luce
582 1496 718 1554 debiliori
744 1497 919 1568 distantiae,
950 1497 1029 1553 iuter
1055 1511 1126 1571 quas
1151 1491 1274 1568 objectum

260 1592 364 1668 insipit
383 1595 537 1653 confusum
557 1596 655 1667 carni,
681 1613 735 1670 pro
755 1597 888 1653 claritate
909 1595 1027 1650 luminis
1048 1602 1082 1650 ut
1102 1588 1214 1653 12169
1231 1608 1273 1648 va·

261 1691 342 1748 siant
361 1700 477 1750 tanturn
497 1702 532 1750 ut
553 1691 572 1752 1
592 1713 600 1752 ε
621 1692 643 1755 2
663 1693 712 1757 vel
732 1690 771 1766 3,
796 1693 874 1771 quod
893 1690 1112 1768 phaenomenen
1132 1690 1211 1746 alian
1227 1704 1275 1744 non

262 1787 394 1848 admittit
414 1792 656 1865 explicationem,
688 1809 774 1869 quam
799 1793 925 1851 circulos
947 1789 1150 1866 dispersionis,
1180 1784 1275 1861 objecto

184 1913 188 1920 ’
260 1888 355 1966 magis
374 1889 527 1968 magisque
546 1900 671 1962 remoto,
698 1900 781 1947 nans
801 1893 920 1962 limites,
940 1891 1023 1951 intra
1043 1906 1115 1965 quos
1135 1886 1274 1943 claritatem

261 2001 323 2041 non
354 1986 532 2062 impediant,
568 1998 705 2048 extensos
739 1990 855 2047 luminis
889 1989 1023 2068 vigorem
1057 2004 1141 2064 quens
1171 1984 1274 2043 mulus

261 2090 380 2167 auctunr
399 2103 549 2162 superare.
649 2150 654 2160 ⁴
1216 2076 1218 2079 ’

348 2376 462 2438 Causae
488 2378 574 2457 huJus
601 2381 793 2440 aberrationis
820 2391 938 2460 praeter
963 2382 1108 2441 diversam
1128 2376 1224 2454 objecti
1240 2371 1274 2429 di·

262 2478 401 2535 stantiam
418 2481 516 2554 plures
537 2479 707 2542 obveniunt.

265 2606 270 2613 »
348 2575 378 2639 1.
422 2575 598 2652 convexitas
619 2599 743 2637 corneae
770 2590 801 2639 et
827 2581 944 2652 lentis,
968 2596 1057 2654 quam
1082 2569 1274 2653 perfectauiu

261 2671 386 2751 obliquis
406 2680 520 2736 retiuae
541 2682 657 2753 punctis
679 2681 816 2737 unionem
836 2681 1004 2755 neutiquam
1032 2676 1133 2755 largiri
1154 2676 1210 2748 jans
1232 2667 1274 2723 du·

261 2770 448 2852 dum“optici
475 2779 595 2836 calculis
621 2788 771 2838 eruerunt.
813 2776 873 2836 Sed
899 2778 977 2834 illius
998 2774 1143 2833 obstaculi
1160 2776 1274 2847 magnam

260 2880 373 2945 partem
398 2883 503 2932 natura
529 2879 671 2950 removit,
702 2878 745 2935 ita
766 2880 853 2935 lentis
870 2867 1003 2935 'lamellas
1027 2869 1215 2948 disponendo,
1239 2870 1273 2933 ut,

263 2985 320 3044 quo
348 2975 465 3046 propius
494 2975 658 3048 superficiei
679 2975 839 3048 accedant,
875 2993 910 3031 co
936 2973 1053 3031 mollior
1079 2973 1118 3028 sit
1143 2970 1274 3038 minusque

260 3066 426 3147 refringens
447 3070 612 3130 substantie
624 3074 672 3148 3),
707 3092 781 3150 quae
810 3073 923 3131 scilicet
948 3070 1083 3151 gradatio
1112 3070 1144 3126 in
1168 3059 1274 3140 piacib11⁸

231 3234 234 3243 y
260 3169 433 3241 praesertim
460 3168 649 3245 observatur,
691 3189 813 3248 quornm
839 3172 933 3227 lentes
961 3168 1136 3245 perdensam
1161 3161 1275 3219 nucleum

262 3263 418 3341 exhibent,
445 3286 539 3343 pauca
559 3270 699 3345 aqucola,
728 3287 746 3326 a
768 3271 892 3329 circuitu
912 3286 1015 3326 vcrsns
1038 3276 1170 3324 centrum
1188 3256 1276 3317 sensim

262 3361 467 3439 decrescente,
496 3369 712 3427 circumfusum.
745 3397 786 3411 -
819 3367 883 3435 Qua
911 3375 1010 3423 tamen
1035 3364 1187 3422 utilissima
1205 3351 1275 3413 lentis

261 3473 412 3523 suncture
432 3482 491 3523 nen
512 3484 611 3525 omnes
632 3468 695 3542 pari
716 3465 809 3544 gradu
830 3466 889 3522 frui
909 3463 1063 3538 videntur;
1086 3465 1199 3518 exstant
1214 3451 1275 3509 enlm

261 3565 394 3640 exempla
412 3561 571 3637 hominurn,
593 3567 643 3643 qui
664 3582 835 3642 quacunque
857 3561 963 3639 objecti
981 3562 1119 3619 distantia
1133 3550 1276 3635 perceptio·

261 3678 330 3719 nens
361 3662 527 3720 distinctam
557 3641 620 3721 'non
651 3650 815 3742 attingant,
847 3680 943 3737 neque
971 3678 1009 3716 ex
1035 3656 1161 3726 lentibus
1187 3662 1275 3711 conat·

260 3760 307 3814 xis
335 3770 387 3818 aut
416 3762 552 3819 concavis
579 3764 717 3819 auxilium
745 3761 880 3838 capiant,
916 3759 966 3816 sed
991 3760 1077 3816 unice
1103 3773 1155 3831 pcr
1174 3742 1277 3830 parvuli

263 3856 383 3916 chartae
416 3854 560 3921 foramina
592 3870 777 3938 spectantes,
818 3870 870 3916 aut
897 3858 1028 3936 fulgente
1054 3855 1162 3917 lumine
1187 3840 1278 3923 pupil¹²

297 4094 330 4161 1)
345 4094 531 4163 Experimento
548 4095 620 4148 circa
636 4095 708 4148 visus
726 4095 821 4160 aciem,
840 4094 981 4147 Commeat„
1013 4092 1088 4143 Gott.
1112 4087 1144 4141 Τ.
1162 4084 1205 4136 lV.

296 4165 328 4232 2)
346 4165 534 4220 Transactions
553 4168 582 4219 of
596 4167 641 4218 the
658 4166 724 4219 Irislr
742 4167 881 4236 academy,
902 4165 935 4218 T.
953 4163 995 4228 11,
1019 4164 1061 4214 for
1080 4159 1155 4217 tutu
1172 4173 1196 4226 p.
1207 4149 1243 4204 30-
