2762 4960
345 918 900 1064 saturioro

483 1176 748 1203 mun—qq·

85 1293 222 1426 Ante
256 1350 384 1444 plures
417 1349 491 1443 iam
524 1375 636 1427 annos
673 1352 713 1423 in
747 1348 1006 1424 ardentissimis
1046 1350 1138 1425 mihi

88 1482 199 1553 votis
223 1499 318 1570 erat,
352 1480 443 1554 velit
462 1483 594 1582 aliquis
620 1484 877 1557 collectionem
898 1506 1028 1555 eorum
1053 1483 1139 1554 scri·

94 1634 251 1714 ptorum
276 1617 463 1688 minorum
495 1618 645 1699 adrem
678 1617 1030 1716 ophthalmiatrictm
1058 1642 1139 1717 spe·

94 1752 300 1840 stantium,
342 1769 467 1825 nostro
498 1757 639 1844 seculo,
676 1755 737 1827 oui
766 1773 804 1827 et
828 1752 982 1826 debetur
1006 1777 1135 1827 eorum

89 1890 222 1987 origo,
248 1885 441 1963 instituere
462 1904 498 1958 et
520 1889 659 1986 publici
681 1889 770 1984 juris
793 1888 928 1978 facere,
954 1914 1046 1987 quae
1071 1907 1136 1965 aut

89 2023 200 2120 apud
224 2021 391 2094 librarios
416 2045 492 2095 non
515 2042 697 2120 prostant,
728 2042 792 2095 aut
816 2025 855 2094 in
875 2003 1068 2119 periodiois
1093 2025 1138 2095 li·

91 2160 177 2232 bris
201 2157 352 2254 perceris
372 2157 490 2257 iisque
511 2162 655 2233 adrem
676 2159 1031 2268 ophthalmiatricam
1054 2184 1137 2255 pro·

91 2298 183 2394 prie
208 2320 282 2367 non
305 2293 491 2369 destinatis
521 2296 769 2382 continentur,
797 2311 841 2365 ut
865 2318 908 2367 ea
933 2312 996 2366 aut
1021 2294 1138 2409 omni:

93 2452 147 2502 no
175 2456 268 2518 non,
304 2445 367 2500 aut
391 2451 466 2501 non
490 2431 567 2502 sine
592 2452 726 2527 magno
748 2447 787 2502 et
812 2453 941 2527 operae
967 2446 1005 2501 et
1027 2427 1136 2524 pretii

93 2564 290 2661 impendio
320 2582 593 2659 comparentur;
627 2567 744 2638 nihilo
775 2579 899 2637 tamen
923 2565 1038 2636 secius
1062 2564 1137 2636 exi·

96 2672 174 2772 ruia
202 2699 259 2770 rei
284 2699 620 2794 ophthalmiatricae
652 2712 864 2798 argumenta
895 2695 948 2768 itu
973 2712 1137 2787 tractant,

92 2852 139 2906 ut
164 2834 197 2906 si
223 2832 323 2929 quis,
358 2851 494 2932 quanto
519 2834 717 2909 commodo
744 2857 819 2906 esse
843 2831 1000 2931 possint,
1028 2854 1139 2903 nove·

93 2968 165 3059 rit,
185 2966 345 3064 graviter
368 2993 496 3044 eorum
520 2968 705 3043 defectum
727 2968 839 3060 ferat,
864 2987 912 3059 et,
936 2983 1009 3066 quo
1036 2965 1139 3063 cupi·

84 3102 183 3199 ‚dior
205 3102 392 3177 bonorum
410 3103 600 3181 fructuum
624 3123 696 3195 est,
725 3129 770 3178 eo
796 3101 1047 3185 vehementius
1073 3126 1138 3203 op·

93 3257 171 3329 tet,
196 3254 242 3312 ut
260 3239 403 3343 publici
421 3243 494 3315 siut
511 3266 606 3332 usus,
631 3265 749 3341 neque
768 3241 959 3348 quisquam
983 3238 1135 3321 omnino

92 3379 165 3465 sit,
203 3375 270 3479 qui
303 3400 431 3453 eorum
471 3379 741 3474 comparatione
778 3376 940 3466 laboret,
978 3372 1138 3459 utilitate

92 3529 229 3586 careat.
292 3514 400 3611 Quod
435 3514 585 3612 quidem
619 3512 837 3593 desiderium
870 3535 1016 3599 meum,
1052 3531 1138 3581 eum

95 3673 198 3723 anno
216 3667 311 3735 1322
331 3649 371 3725 in
387 3650 519 3748 Anglia
530 3648 717 3746 Galliaque
733 3647 988 3746 peregrinarer,
1010 3645 1138 3719 multis

94 3804 252 3883 quoque
277 3807 403 3859 earum
428 3800 604 3859 terrarum
627 3782 714 3869 viris
735 3783 850 3863 doctis
875 3807 1019 3865 mecum
1039 3805 1139 3853 cont-

93 3944 215 3992 mune
249 3944 328 3991 esse
361 3919 522 4014 pervidi,
563 3920 649 4018 qui,
690 3919 855 4018 quamvis
888 3915 1164 3993 studiosissimi

98 4055 293 4128 doctrinae
335 4055 535 4146 solidioris,
576 4049 706 4129 tamen‘
738 4057 841 4129 ouini
876 4051 1143 4153 propemodum
