2728 4960
268 424 490 491 Harena
523 442 778 492 rnrcrrrasr
815 444 918 492 rra.
964 494 968 501 ,
1042 443 1111 511 185

262 638 521 745 Triclriasi's
558 643 633 714 sive
667 638 923 713 'Trichosia

145 783 344 846 Intraversio
359 785 505 846 ciliorum
529 784 572 845 ob
587 790 730 849 vitiatam
752 786 932 853 eorundem
955 789 1115 867 originem

75 882 151 951 (uon
171 876 384 939 fehlerhafter
402 878 652 960 Ausmtindung)
681 898 699 939 o
722 880 866 961 margine
883 879 1115 961 'palpebrarum

74 968 203 1029 anobis
223 975 358 1031 nomine
378 968 534 1030 trichiasis
553 973 735 1051 insignitur.

76 1096 78 1101 ’
147 1079 231 1139 Cilia
254 1085 468 1154 enascuntur,
490 1082 543 1139 uti
572 1083 735 1142 anatomia
756 1077 869 1156 docet,
899 1079 1042 1142 elimbo
1064 1103 1116 1141 ex·

75 1186 166 1233 terno
193 1173 348 1251 marginis
373 1170 601 1250 palpebrarum
629 1170 717 1230 linea
748 1186 838 1231 reeta
874 1175 1114 1246 tantummodo)

76 1282 110 1325 ac
143 1267 241 1322 situm
274 1268 310 1320 in
338 1277 505 1323 curvatura
529 1262 651 1323 <leviter
685 1279 814 1323 arcuata
848 1262 998 1324 anbulbo
1028 1265 1116 1325 oculi

75 1353 244 1425 deorsum,
272 1366 369 1432 atque
390 1368 566 1415 extrorsum
586 1354 755 1422 obtinent;
788 1359 949 1433 quamvis,
972 1369 1004 1416 et
1023 1374 1117 1436 praa·

75 1449 168 1523 cipue
183 1448 220 1502 in
233 1443 392 1522 palpebra
408 1449 594 1523 superiore,
615 1444 762 1524 pluribus
784 1452 952 1507 coarctatis
972 1450 1117 1509 seriebus

75 1540 225 1618 progigni
243 1535 433 1608 videantur,
459 1554 599 1617 quorum
620 1537 757 1600 directio
778 1543 864 1597 inter
882 1556 918 1598 se
939 1539 1118 1622 quidquam

75 1628 257 1710 irregularis
279 1646 316 1685 ac
337 1627 472 1689 confusa
493 1642 636 1709 apparet.

145 1732 245 1797 Bulbi
267 1734 432 1806 ciliorum,
455 1740 518 1816 'qui
533 1738 657 1801 'eodem
678 1738 795 1799 ordine
816 1760 853 1799 ac
874 1739 945 1800 cilia
967 1744 1120 1819 proveni·

77 1838 149 1901 ant,
176 1831 367 1907 priusquam
389 1838 495 1888 cutem
521 1829 709 1907 perforant,
736 1826 916 1892 secundum
940 1830 1121 1916 longitudi-

75 1930 146 1979 nem
163 1918 359 1980 accumulati
381 1916 483 1979 denso
492 1960 503 1991 ,
524 1942 562 1980 ac
578 1926 684 1981 tenaci
700 1928 800 1987 textui
821 1919 978 1984 celluloso
995 1929 1121 1982 incum-

75 2006 185 2083 bunt,¹
209 2016 276 2093 qni·
291 2011 409 2072 lineum
438 2014 564 2072 circiter
588 2009 790 2089 profundus,
824 2026 856 2071 at
884 2019 986 2095 magis
1010 2024 1118 2074 versut

78 2117 238 2163 externam
251 2099 454 2181 superficiem
470 2108 545 2161 tarsi
562 2102 697 2165 tendine
710 2123 769 2163 suo
787 2103 976 2176 desinentis,
996 2110 1032 2164 in
1042 2122 1122 2183 pro-

75 2201 143 2273 prio
158 2195 276 2256 radicis
291 2193 396 2255 fundo
415 2186 629 2272 conspicitur3
648 2193 738 2255 unde
753 2196 853 2257 forma
870 2206 1023 2267 contexa,
1036 2208 1122 2255 tras-

78 2287 279 2371 siusculaque
307 2283 400 2349 limbi
431 2287 554 2347 externi
582 2289 736 2370 marginis
764 2284 994 2365 palpebrarum
1023 2286 1121 2347 fenile

75 2394 170 2479 patet.

145 2481 272 2543 Locum
291 2475 351 2537 sub
373 2464 452 2537 ciliis
476 2474 657 2556 proximum
675 2472 797 2535 limbi
788 2479 909 2535 interni
930 2470 1016 2536 acuti
1035 2488 1121 2536 inar-

76 2576 154 2661 ginis
181 2568 441 2651 palpebrarum,
487 2565 674 2647 glandulae
707 2565 954 2627 meibomianae
986 2578 1120 2642 tenent,

77 2684 210 2746 quarum
232 2663 355 2732 forma,
384 2661 483 2718 series
507 2672 540 2716 et
551 2663 636 2717 situs
654 2660 739 2717 ratio
760 2660 846 2715 inter
867 2668 902 2717 sa
923 2654 960 2718 in
986 2657 1122 2738 superii·

79 2761 123 2817 cie
156 2761 288 2816 interna
319 2748 549 2831 palpebrarum
581 2745 641 2809 sub
674 2746 881 2825 conjunctiva
905 2766 945 2853 ex
973 2758 1122 2845 anatome
1226 2738 1228 2741 ⁸

78 2853 194 2930 cuique
214 2843 311 2907 facila
330 2842 515 2902 innotescit

145 2958 270 3018 Locum
290 2952 434 3013 medium
453 2953 539 3007 inter
558 2947 737 3039 glandulas
744 2920 978 3037 meibomianas
996 2967 1029 3014 et
1048 2940 1122 3017 bul·

77 3048 132 3110 bos
155 3047 324 3117 ciliorum,
352 3046 400 3102 uti
419 3028 534 3100 facile
537 3044 737 3120 concipitur,
768 3053 869 3101 tarsus
891 3041 1123 3123 palpebrarum

79 3140 202 3220 explet,
225 3156 292 3217 quo
312 3147 399 3194 certa
415 3146 447 3192 et
461 3137 698 3196 accuratissima
718 3139 877 3216 separatio
897 3139 984 3199 inter
999 3152 1124 3198 utrum·

80 3252 140 3313 que
162 3229 313 3291 efficitur.

150 3342 290 3401 Causam
314 3338 494 3415 proximam
516 3328 675 3394 trichiasia
693 3350 793 3395 omna
813 3335 860 3393 id
868 3339 988 3414 sistere
998 3350 1118 3416 potest,

79 3432 313 3512 quodcumque
335 3427 425 3500 cilia,
453 3437 509 3484 aut
528 3427 564 3482 in
583 3440 651 3483 aaa
670 3422 880 3487 solummodo
905 3441 963 3488 aut
981 3431 1017 3486 ln
1036 3441 1122 3487 utra

80 3542 141 3601 que
153 3518 326 3599 palpebra,
342 3516 468 3598 singula
484 3516 536 3576 vel
550 3518 644 3596 plura
658 3517 754 3576 simul
770 3517 810 3577 ab
823 3530 932 3579 aarum
939 3490 1124 3585 directione

77 3611 216 3675 normali
239 3614 397 3670 continuo
425 3609 621 3689 detorquere
646 3609 749 3680 vetet,
780 3606 872 3687 quod
892 3611 1006 3666 sitim
1027 3613 1083 3689 qui

78 3705 132 3766 bet
149 3710 187 3764 in
207 3717 276 3762 arto
298 3703 437 3780 peritus,
466 3699 599 3761 cilliam
619 3698 760 3762 normali
779 3705 860 3774 situ,
881 3700 934 3760 wi
952 3714 1014 3777 pro
1032 3714 1124 3779 patre

81 3796 128 3858 vel
149 3798 289 3859 omnino
313 3791 558 3871 deficientibus,
579 3792 668 3854 hausi
683 3791 859 3853 difficulter
878 3794 1070 3871 perspiciet,
1085 3782 1124 3854 'at

81 3887 170 3968 quod
199 3891 335 3966 insuper
360 3883 423 3946 illis
444 3887 605 3967 originem
622 3889 770 3945 vitiosam
790 3899 891 3965 atque
908 3882 1125 3946 disertionem

81 3980 122 4041 ad
136 3980 272 4043 oculum
287 3978 435 4041 morbose
450 3992 650 4052 conversam,
669 3975 915 4057 persistentibus
933 3986 1044 4039 tamen
1063 3981 1127 4037 sita

84 4087 115 4133 et
143 4074 252 4134 forma
284 4071 425 4134 normali
458 4086 526 4131 tum
555 4073 629 4130 tarsi
662 4088 735 4130 cum
768 4072 871 4152 ipsius
896 4064 1126 4149 palpebrarum

86 4168 254 4246 marginis,
281 4165 440 4243 impertiri
459 4162 553 4229 velat.
