<?xml version="1.0" encoding="UTF-8"?>
<!DOCTYPE html PUBLIC "-//W3C//DTD XHTML 1.0 Transitional//EN"
    "http://www.w3.org/TR/xhtml1/DTD/xhtml1-transitional.dtd">
<html xmlns="http://www.w3.org/1999/xhtml" xml:lang="en" lang="en">
 <head>
  <title>
</title>
<meta http-equiv="Content-Type" content="text/html;charset=utf-8" />
  <meta name='ocr-system' content='tesseract 3.04.00' />
  <meta name='ocr-capabilities' content='ocr_page ocr_carea ocr_par ocr_line ocrx_word'/>
</head>
<body>
  <div class='ocr_page' id='page_1' title='image "./scriptoresophth00radigoog_0224.png"; bbox 0 0 2728 4960; ppageno 0'>
   <div class='ocr_carea' id='block_1_1' title="bbox 197 343 1079 436">
    <p class='ocr_par' dir='ltr' id='par_1_1' title="bbox 197 343 1079 436">
     <span class='ocr_line' id='line_1_1' title="bbox 197 343 1079 436; baseline 0.003 -25"><span class='ocrx_word' id='word_1_1' title='bbox 197 343 377 418; x_wconf 79' lang='lat' dir='ltr'><strong>lanera</strong></span> <span class='ocrx_word' id='word_1_2' title='bbox 411 364 474 412; x_wconf 78' lang='lat' dir='ltr'><strong>nn</strong></span> <span class='ocrx_word' id='word_1_3' title='bbox 505 362 910 418; x_wconf 66' lang='lat' dir='ltr'><strong>renaseuntur.</strong></span> <span class='ocrx_word' id='word_1_4' title='bbox 1011 349 1079 436; x_wconf 78' lang='lat'><strong>167</strong></span> 
     </span>
    </p>
   </div>
   <div class='ocr_carea' id='block_1_2' title="bbox 59 517 1083 782">
    <p class='ocr_par' dir='ltr' id='par_1_2' title="bbox 21 498 1083 782">
     <span class='ocr_line' id='line_1_2' title="bbox 64 517 1083 600; baseline 0.006 -20.757"><span class='ocrx_word' id='word_1_5' title='bbox 64 519 207 592; x_wconf 82' lang='lat' dir='ltr'><strong>dilatatur,</strong></span> <span class='ocrx_word' id='word_1_6' title='bbox 229 518 381 598; x_wconf 84' lang='lat' dir='ltr'><strong>capsulae</strong></span> <span class='ocrx_word' id='word_1_7' title='bbox 401 537 523 600; x_wconf 84' lang='lat' dir='ltr'><strong>opacus</strong></span> <span class='ocrx_word' id='word_1_8' title='bbox 542 517 632 582; x_wconf 87' lang='lat' dir='ltr'><strong>orbis</strong></span> <span class='ocrx_word' id='word_1_9' title='bbox 650 520 842 582; x_wconf 84' lang='lat' dir='ltr'><strong>discernitur</strong></span> <span class='ocrx_word' id='word_1_10' title='bbox 859 532 960 581; x_wconf 86' lang='lat' dir='ltr'><strong>tenue</strong></span> <span class='ocrx_word' id='word_1_11' title='bbox 980 533 1083 585; x_wconf 87' lang='lat' dir='ltr'><strong>trans-</strong></span> 
     </span>
     <span class='ocr_line' id='line_1_3' title="bbox 61 609 1079 693; baseline 0.009 -24"><span class='ocrx_word' id='word_1_12' title='bbox 61 617 157 671; x_wconf 82' lang='lat' dir='ltr'><strong>versim</strong></span> <span class='ocrx_word' id='word_1_13' title='bbox 182 611 320 672; x_wconf 88' lang='lat' dir='ltr'><strong>tendens</strong></span> <span class='ocrx_word' id='word_1_14' title='bbox 349 609 458 685; x_wconf 88' lang='lat' dir='ltr'><strong>filum,</strong></span> <span class='ocrx_word' id='word_1_15' title='bbox 484 632 569 691; x_wconf 87' lang='lat' dir='ltr'><strong>quo,</strong></span> <span class='ocrx_word' id='word_1_16' title='bbox 593 613 676 680; x_wconf 72' lang='lat' dir='ltr'><strong>iride</strong></span> <span class='ocrx_word' id='word_1_17' title='bbox 700 613 877 693; x_wconf 83' lang='lat' dir='ltr'><strong>valdopere</strong></span> <span class='ocrx_word' id='word_1_18' title='bbox 903 628 1079 693; x_wconf 74' lang='lat' dir='ltr'><strong>contracta,</strong></span> 
     </span>
     <span class='ocr_line' id='line_1_4' title="bbox 59 701 895 782; baseline 0.006 -19"><span class='ocrx_word' id='word_1_19' title='bbox 59 701 164 782; x_wconf 84' lang='lat' dir='ltr'><strong>pupilla</strong></span> <span class='ocrx_word' id='word_1_20' title='bbox 179 706 217 764; x_wconf 89' lang='lat' dir='ltr'><strong>in</strong></span> <span class='ocrx_word' id='word_1_21' title='bbox 235 704 394 782; x_wconf 83' lang='lat' dir='ltr'><strong>majorem</strong></span> <span class='ocrx_word' id='word_1_22' title='bbox 413 719 447 766; x_wconf 88' lang='lat' dir='ltr'><strong>et</strong></span> <span class='ocrx_word' id='word_1_23' title='bbox 463 709 625 767; x_wconf 81' lang='lat' dir='ltr'>minorem</span> <span class='ocrx_word' id='word_1_24' title='bbox 644 705 895 769; x_wconf 78' lang='lat' dir='ltr'><strong>disterminatur.</strong></span> 
     </span>
    </p>
   </div>
   <div class='ocr_carea' id='block_1_3' title="bbox 374 899 745 964">
    <p class='ocr_par' dir='ltr' id='par_1_3' title="bbox 374 899 745 964">
     <span class='ocr_line' id='line_1_5' title="bbox 374 899 745 964; baseline -0.011 -2"><span class='ocrx_word' id='word_1_25' title='bbox 374 899 627 962; x_wconf 72' lang='lat' dir='ltr'><strong>Observatio</strong></span> <span class='ocrx_word' id='word_1_26' title='bbox 664 899 745 964; x_wconf 73' lang='lat' dir='ltr'><strong>XV.</strong></span> 
     </span>
    </p>
   </div>
   <div class='ocr_carea' id='block_1_4' title="bbox 58 1022 1080 2118">
    <p class='ocr_par' dir='ltr' id='par_1_4' title="bbox 58 1022 1080 2118">
     <span class='ocr_line' id='line_1_6' title="bbox 117 1022 1080 1107; baseline 0.001 -23"><span class='ocrx_word' id='word_1_27' title='bbox 117 1023 291 1086; x_wconf 86' lang='lat' dir='ltr'><strong>Kollmann</strong></span> <span class='ocrx_word' id='word_1_28' title='bbox 314 1022 427 1085; x_wconf 85' lang='lat' dir='ltr'><strong>Franc.</strong></span> <span class='ocrx_word' id='word_1_29' title='bbox 448 1026 540 1087; x_wconf 86' lang='lat' dir='ltr'><strong>miles</strong></span> <span class='ocrx_word' id='word_1_30' title='bbox 567 1024 737 1107; x_wconf 80' lang='lat' dir='ltr'><strong>stipendiis</strong></span> <span class='ocrx_word' id='word_1_31' title='bbox 763 1024 919 1088; x_wconf 79' lang='lat' dir='ltr'><strong>confectis</strong></span> <span class='ocrx_word' id='word_1_32' title='bbox 944 1028 1080 1101; x_wconf 64' lang='lat' dir='ltr'><strong>(invali-</strong></span> 
     </span>
     <span class='ocr_line' id='line_1_7' title="bbox 59 1113 1079 1200; baseline 0.01 -27"><span class='ocrx_word' id='word_1_33' title='bbox 59 1113 116 1194; x_wconf 86' lang='lat' dir='ltr'><strong>dus)</strong></span> <span class='ocrx_word' id='word_1_34' title='bbox 138 1115 322 1194; x_wconf 66' lang='lat' dir='ltr'>lenticulari</span> <span class='ocrx_word' id='word_1_35' title='bbox 342 1132 501 1179; x_wconf 78' lang='lat' dir='ltr'><strong>cataracta</strong></span> <span class='ocrx_word' id='word_1_36' title='bbox 520 1117 624 1179; x_wconf 84' lang='lat' dir='ltr'><strong>oculo·</strong></span> <span class='ocrx_word' id='word_1_37' title='bbox 639 1116 752 1176; x_wconf 85' lang='lat' dir='ltr'><strong>dextro</strong></span> <span class='ocrx_word' id='word_1_38' title='bbox 774 1136 905 1192; x_wconf 90' lang='lat' dir='ltr'><strong>coecus,</strong></span> <span class='ocrx_word' id='word_1_39' title='bbox 931 1119 1079 1200; x_wconf 84' lang='lat' dir='ltr'><strong>decrepi-</strong></span> 
     </span>
     <span class='ocr_line' id='line_1_8' title="bbox 59 1206 1078 1289; baseline 0.008 -24"><span class='ocrx_word' id='word_1_40' title='bbox 59 1221 107 1279; x_wconf 83' lang='lat' dir='ltr'><strong>tus,</strong></span> <span class='ocrx_word' id='word_1_41' title='bbox 123 1206 281 1267; x_wconf 82' lang='lat' dir='ltr'><strong>ulceribus</strong></span> <span class='ocrx_word' id='word_1_42' title='bbox 302 1229 431 1268; x_wconf 87' lang='lat' dir='ltr'><strong>crurum</strong></span> <span class='ocrx_word' id='word_1_43' title='bbox 451 1209 589 1284; x_wconf 80' lang='lat' dir='ltr'><strong>foedus,</strong></span> <span class='ocrx_word' id='word_1_44' title='bbox 617 1207 741 1286; x_wconf 86' lang='lat' dir='ltr'><strong>duplici</strong></span> <span class='ocrx_word' id='word_1_45' title='bbox 760 1206 823 1268; x_wconf 92' lang='lat' dir='ltr'><strong>hoc</strong></span> <span class='ocrx_word' id='word_1_46' title='bbox 842 1226 1007 1289; x_wconf 84' lang='lat' dir='ltr'><strong>postremo</strong></span> <span class='ocrx_word' id='word_1_47' title='bbox 1027 1218 1078 1273; x_wconf 87' lang='lat' dir='ltr'><strong>in·</strong></span> 
     </span>
     <span class='ocr_line' id='line_1_9' title="bbox 59 1299 1078 1380; baseline 0.005 -25"><span class='ocrx_word' id='word_1_48' title='bbox 59 1302 134 1370; x_wconf 82' lang='lat' dir='ltr'><strong>teitu,</strong></span> <span class='ocrx_word' id='word_1_49' title='bbox 152 1319 217 1378; x_wconf 91' lang='lat' dir='ltr'><strong>quo</strong></span> <span class='ocrx_word' id='word_1_50' title='bbox 240 1299 487 1379; x_wconf 64' lang='lat' dir='ltr'><strong>depressionem</strong></span> <span class='ocrx_word' id='word_1_51' title='bbox 507 1314 740 1379; x_wconf 74' lang='lat' dir='ltr'><strong>percomesus</strong></span> <span class='ocrx_word' id='word_1_52' title='bbox 764 1307 955 1363; x_wconf 85' lang='lat' dir='ltr'><strong>extractioni</strong></span> <span class='ocrx_word' id='word_1_53' title='bbox 982 1319 1078 1380; x_wconf 77' lang='lat' dir='ltr'><strong>prae·</strong></span> 
     </span>
     <span class='ocr_line' id='line_1_10' title="bbox 58 1389 1075 1475; baseline 0.004 -27"><span class='ocrx_word' id='word_1_54' title='bbox 58 1390 210 1466; x_wconf 75' lang='lat' dir='ltr'>tulerimus,</span> <span class='ocrx_word' id='word_1_55' title='bbox 231 1392 306 1464; x_wconf 81' lang='lat' dir='ltr'><strong>fuit,</strong></span> <span class='ocrx_word' id='word_1_56' title='bbox 328 1412 395 1473; x_wconf 93' lang='lat' dir='ltr'><strong>qua</strong></span> <span class='ocrx_word' id='word_1_57' title='bbox 414 1389 660 1475; x_wconf 82' lang='lat' dir='ltr'><strong>Langenbockii</strong></span> <span class='ocrx_word' id='word_1_58' title='bbox 679 1415 739 1455; x_wconf 89' lang='lat' dir='ltr'><strong>acu</strong></span> <span class='ocrx_word' id='word_1_59' title='bbox 761 1396 858 1470; x_wconf 81' lang='lat' dir='ltr'><strong>facta,</strong></span> <span class='ocrx_word' id='word_1_60' title='bbox 877 1393 961 1466; x_wconf 86' lang='lat' dir='ltr'><strong>leus,</strong></span> <span class='ocrx_word' id='word_1_61' title='bbox 982 1397 1075 1453; x_wconf 88' lang='lat' dir='ltr'><strong>omni</strong></span> 
     </span>
     <span class='ocr_line' id='line_1_11' title="bbox 58 1477 1079 1566; baseline 0.004 -27"><span class='ocrx_word' id='word_1_62' title='bbox 58 1479 116 1541; x_wconf 86' lang='lat' dir='ltr'><strong>licet</strong></span> <span class='ocrx_word' id='word_1_63' title='bbox 131 1487 289 1561; x_wconf 86' lang='lat' dir='ltr'><strong>pressioni</strong></span> <span class='ocrx_word' id='word_1_64' title='bbox 307 1504 433 1545; x_wconf 87' lang='lat' dir='ltr'><strong>merem</strong></span> <span class='ocrx_word' id='word_1_65' title='bbox 453 1503 586 1566; x_wconf 84' lang='lat' dir='ltr'><strong>gerens,</strong></span> <span class='ocrx_word' id='word_1_66' title='bbox 612 1505 718 1566; x_wconf 89' lang='lat' dir='ltr'><strong>usque</strong></span> <span class='ocrx_word' id='word_1_67' title='bbox 738 1501 848 1549; x_wconf 89' lang='lat' dir='ltr'><strong>tamen</strong></span> <span class='ocrx_word' id='word_1_68' title='bbox 877 1477 1008 1547; x_wconf 88' lang='lat' dir='ltr'><strong>rediens</strong></span> <span class='ocrx_word' id='word_1_69' title='bbox 1028 1489 1079 1546; x_wconf 86' lang='lat' dir='ltr'><strong>in·</strong></span> 
     </span>
     <span class='ocr_line' id='line_1_12' title="bbox 60 1573 1078 1660; baseline 0.005 -28"><span class='ocrx_word' id='word_1_70' title='bbox 60 1573 185 1636; x_wconf 74' lang='lat' dir='ltr'><strong>fauorem</strong></span> <span class='ocrx_word' id='word_1_71' title='bbox 210 1593 311 1654; x_wconf 83' lang='lat' dir='ltr'><strong>supra</strong></span> <span class='ocrx_word' id='word_1_72' title='bbox 331 1576 478 1656; x_wconf 85' lang='lat' dir='ltr'><strong>pupillae</strong></span> <span class='ocrx_word' id='word_1_73' title='bbox 507 1580 687 1660; x_wconf 78' lang='lat' dir='ltr'><strong>marginem</strong></span> <span class='ocrx_word' id='word_1_74' title='bbox 713 1580 893 1649; x_wconf 79' lang='lat' dir='ltr'><strong>eminebat3</strong></span> <span class='ocrx_word' id='word_1_75' title='bbox 924 1576 1078 1638; x_wconf 81' lang='lat' dir='ltr'><strong>scabrosa</strong></span> 
     </span>
     <span class='ocr_line' id='line_1_13' title="bbox 59 1662 1076 1751; baseline 0.005 -29"><span class='ocrx_word' id='word_1_76' title='bbox 59 1662 222 1746; x_wconf 88' lang='lat' dir='ltr'><strong>liquidaque</strong></span> <span class='ocrx_word' id='word_1_77' title='bbox 235 1665 410 1746; x_wconf 84' lang='lat' dir='ltr'><strong>superficie</strong></span> <span class='ocrx_word' id='word_1_78' title='bbox 416 1698 427 1742; x_wconf 73' lang='lat'>,</span> <span class='ocrx_word' id='word_1_79' title='bbox 453 1669 544 1749; x_wconf 90' lang='lat' dir='ltr'><strong>quod</strong></span> <span class='ocrx_word' id='word_1_80' title='bbox 560 1686 660 1741; x_wconf 85' lang='lat' dir='ltr'><strong>esset,</strong></span> <span class='ocrx_word' id='word_1_81' title='bbox 675 1669 837 1751; x_wconf 84' lang='lat' dir='ltr'>liquorem</span> <span class='ocrx_word' id='word_1_82' title='bbox 853 1687 995 1751; x_wconf 81' lang='lat' dir='ltr'><strong>aqueum</strong></span> <span class='ocrx_word' id='word_1_83' title='bbox 1008 1681 1076 1727; x_wconf 86' lang='lat' dir='ltr'><strong>tur-</strong></span> 
     </span>
     <span class='ocr_line' id='line_1_14' title="bbox 59 1752 1075 1847; baseline 0 -32"><span class='ocrx_word' id='word_1_84' title='bbox 59 1752 144 1817; x_wconf 87' lang='lat' dir='ltr'><strong>babat.</strong></span> <span class='ocrx_word' id='word_1_85' title='bbox 179 1758 257 1818; x_wconf 89' lang='lat' dir='ltr'><strong>Post</strong></span> <span class='ocrx_word' id='word_1_86' title='bbox 279 1765 506 1838; x_wconf 83' lang='lat' dir='ltr'><strong>operationem</strong></span> <span class='ocrx_word' id='word_1_87' title='bbox 520 1757 732 1847; x_wconf 82' lang='lat' dir='ltr'><strong>inflammatio</strong></span> <span class='ocrx_word' id='word_1_88' title='bbox 749 1761 966 1844; x_wconf 86' lang='lat' dir='ltr'><strong>erysipelacea</strong></span> <span class='ocrx_word' id='word_1_89' title='bbox 973 1799 986 1832; x_wconf 88' lang='lat'><em>,</em></span> <span class='ocrx_word' id='word_1_90' title='bbox 1004 1757 1075 1816; x_wconf 89' lang='lat' dir='ltr'><strong>vul-</strong></span> 
     </span>
     <span class='ocr_line' id='line_1_15' title="bbox 58 1849 1071 1931; baseline 0.003 -25"><span class='ocrx_word' id='word_1_91' title='bbox 58 1849 158 1910; x_wconf 87' lang='lat' dir='ltr'><strong>nuscali</strong></span> <span class='ocrx_word' id='word_1_92' title='bbox 169 1855 510 1931; x_wconf 66' lang='lat' dir='ltr'><strong>punctisuppuratio,</strong></span> <span class='ocrx_word' id='word_1_93' title='bbox 534 1872 572 1912; x_wconf 91' lang='lat' dir='ltr'><strong>ac</strong></span> <span class='ocrx_word' id='word_1_94' title='bbox 586 1851 732 1931; x_wconf 87' lang='lat' dir='ltr'><strong>pluribus</strong></span> <span class='ocrx_word' id='word_1_95' title='bbox 747 1852 864 1913; x_wconf 78' lang='lat' dir='ltr'><strong>diebus</strong></span> <span class='ocrx_word' id='word_1_96' title='bbox 882 1866 957 1931; x_wconf 91' lang='lat' dir='ltr'><strong>post</strong></span> <span class='ocrx_word' id='word_1_97' title='bbox 982 1853 1071 1909; x_wconf 88' lang='lat' dir='ltr'><strong>visio.</strong></span> 
     </span>
     <span class='ocr_line' id='line_1_16' title="bbox 58 1939 1071 2024; baseline 0.007 -26"><span class='ocrx_word' id='word_1_98' title='bbox 58 1939 101 1999; x_wconf 78' lang='lat' dir='ltr'><strong>Ast</strong></span> <span class='ocrx_word' id='word_1_99' title='bbox 114 1942 232 2003; x_wconf 84' lang='lat' dir='ltr'><strong>animali</strong></span> <span class='ocrx_word' id='word_1_100' title='bbox 247 1962 290 2001; x_wconf 84' lang='lat' dir='ltr'><strong>ex</strong></span> <span class='ocrx_word' id='word_1_101' title='bbox 304 1947 368 2001; x_wconf 86' lang='lat' dir='ltr'><strong>vita</strong></span> <span class='ocrx_word' id='word_1_102' title='bbox 384 1948 419 2003; x_wconf 91' lang='lat' dir='ltr'><strong>in</strong></span> <span class='ocrx_word' id='word_1_103' title='bbox 440 1947 623 2003; x_wconf 85' lang='lat' dir='ltr'><strong>universam</strong></span> <span class='ocrx_word' id='word_1_104' title='bbox 637 1943 701 2020; x_wconf 85' lang='lat' dir='ltr'><strong>jam</strong></span> <span class='ocrx_word' id='word_1_105' title='bbox 715 1960 855 2016; x_wconf 88' lang='lat' dir='ltr'><strong>maturo,</strong></span> <span class='ocrx_word' id='word_1_106' title='bbox 875 1942 939 2005; x_wconf 90' lang='lat' dir='ltr'><strong>hoc</strong></span> <span class='ocrx_word' id='word_1_107' title='bbox 949 1940 1071 2024; x_wconf 79' lang='lat' dir='ltr'><strong>gaudio</strong></span> 
     </span>
     <span class='ocr_line' id='line_1_17' title="bbox 60 2028 888 2118; baseline 0.002 -20"><span class='ocrx_word' id='word_1_108' title='bbox 60 2028 217 2112; x_wconf 73' lang='lat' dir='ltr'><strong>impsum</strong></span> <span class='ocrx_word' id='word_1_109' title='bbox 234 2033 395 2099; x_wconf 73' lang='lat' dir='ltr'><strong>duntaxat</strong></span> <span class='ocrx_word' id='word_1_110' title='bbox 409 2039 597 2114; x_wconf 87' lang='lat' dir='ltr'><strong>septimanis</strong></span> <span class='ocrx_word' id='word_1_111' title='bbox 609 2035 672 2096; x_wconf 83' lang='lat' dir='ltr'><strong>fuit</strong></span> <span class='ocrx_word' id='word_1_112' title='bbox 687 2053 888 2118; x_wconf 65' lang='lat' dir='ltr'><strong>concessum·</strong></span> 
     </span>
    </p>
   </div>
   <div class='ocr_carea' id='block_1_5' title="bbox 357 2236 744 2310">
    <p class='ocr_par' dir='ltr' id='par_1_5' title="bbox 357 2236 744 2310">
     <span class='ocr_line' id='line_1_18' title="bbox 357 2236 744 2310; baseline 0 0"><span class='ocrx_word' id='word_1_113' title='bbox 357 2236 607 2310; x_wconf 75' lang='lat' dir='ltr'><strong>Observatio</strong></span> <span class='ocrx_word' id='word_1_114' title='bbox 645 2247 744 2310; x_wconf 67' lang='lat' dir='ltr'><em>XVI.</em></span> 
     </span>
    </p>
   </div>
   <div class='ocr_carea' id='block_1_6' title="bbox 55 2369 1150 3089">
    <p class='ocr_par' dir='ltr' id='par_1_6' title="bbox 57 2369 1150 2908">
     <span class='ocr_line' id='line_1_19' title="bbox 113 2369 1070 2451; baseline -0.007 -19"><span class='ocrx_word' id='word_1_115' title='bbox 113 2369 214 2433; x_wconf 79' lang='lat' dir='ltr'><strong>Annae</strong></span> <span class='ocrx_word' id='word_1_116' title='bbox 233 2371 360 2444; x_wconf 72' lang='lat' dir='ltr'><strong>eremi,</strong></span> <span class='ocrx_word' id='word_1_117' title='bbox 383 2379 421 2442; x_wconf 85' lang='lat'><strong>50</strong></span> <span class='ocrx_word' id='word_1_118' title='bbox 441 2391 620 2446; x_wconf 86' lang='lat' dir='ltr'><strong>annorum,</strong></span> <span class='ocrx_word' id='word_1_119' title='bbox 642 2375 891 2451; x_wconf 75' lang='lat' dir='ltr'><strong>temperamenti</strong></span> <span class='ocrx_word' id='word_1_120' title='bbox 909 2386 1070 2451; x_wconf 85' lang='lat' dir='ltr'><strong>perquam</strong></span> 
     </span>
     <span class='ocr_line' id='line_1_20' title="bbox 59 2460 1072 2543; baseline 0.002 -27"><span class='ocrx_word' id='word_1_121' title='bbox 59 2460 201 2538; x_wconf 79' lang='lat' dir='ltr'><strong>irritabilis,</strong></span> <span class='ocrx_word' id='word_1_122' title='bbox 212 2465 308 2526; x_wconf 87' lang='lat' dir='ltr'><strong>lente</strong></span> <span class='ocrx_word' id='word_1_123' title='bbox 321 2481 462 2522; x_wconf 89' lang='lat' dir='ltr'><strong>unacum</strong></span> <span class='ocrx_word' id='word_1_124' title='bbox 477 2485 537 2524; x_wconf 90' lang='lat' dir='ltr'><strong>suo</strong></span> <span class='ocrx_word' id='word_1_125' title='bbox 552 2462 723 2525; x_wconf 87' lang='lat' dir='ltr'><strong>involucro</strong></span> <span class='ocrx_word' id='word_1_126' title='bbox 743 2482 847 2542; x_wconf 88' lang='lat' dir='ltr'><strong>opaca</strong></span> <span class='ocrx_word' id='word_1_127' title='bbox 861 2468 1009 2543; x_wconf 79' lang='lat' dir='ltr'><strong>utroque</strong></span> <span class='ocrx_word' id='word_1_128' title='bbox 1020 2461 1072 2519; x_wconf 73' lang='lat' dir='ltr'><strong>lu-</strong></span> 
     </span>
     <span class='ocr_line' id='line_1_21' title="bbox 59 2544 1150 2632; baseline -0.003 -22"><span class='ocrx_word' id='word_1_129' title='bbox 59 2556 125 2613; x_wconf 84' lang='lat' dir='ltr'><strong>nine</strong></span> <span class='ocrx_word' id='word_1_130' title='bbox 137 2551 246 2616; x_wconf 76' lang='lat' dir='ltr'><strong>erutae</strong></span> <span class='ocrx_word' id='word_1_131' title='bbox 264 2555 322 2614; x_wconf 85' lang='lat' dir='ltr'><strong>dio</strong></span> <span class='ocrx_word' id='word_1_132' title='bbox 333 2571 380 2614; x_wconf 85' lang='lat'><strong>11.</strong></span> <span class='ocrx_word' id='word_1_133' title='bbox 394 2555 475 2632; x_wconf 87' lang='lat' dir='ltr'><strong>Maj.</strong></span> <span class='ocrx_word' id='word_1_134' title='bbox 490 2566 560 2626; x_wconf 83' lang='lat'>1811</span> <span class='ocrx_word' id='word_1_135' title='bbox 576 2561 611 2615; x_wconf 90' lang='lat' dir='ltr'><strong>in</strong></span> <span class='ocrx_word' id='word_1_136' title='bbox 626 2556 833 2615; x_wconf 80' lang='lat' dir='ltr'><strong>sinistralens</strong></span> <span class='ocrx_word' id='word_1_137' title='bbox 847 2575 908 2613; x_wconf 90' lang='lat' dir='ltr'><strong>acu</strong></span> <span class='ocrx_word' id='word_1_138' title='bbox 915 2544 1069 2631; x_wconf 81' lang='lat' dir='ltr'><strong>Langen·</strong></span> <span class='ocrx_word' id='word_1_139' title='bbox 1147 2556 1150 2563; x_wconf 87' lang='grc'><strong>’</strong></span> 
     </span>
     <span class='ocr_line' id='line_1_22' title="bbox 58 2636 1071 2724; baseline -0.001 -25"><span class='ocrx_word' id='word_1_140' title='bbox 58 2636 184 2706; x_wconf 80' lang='lat' dir='ltr'><strong>becltisna</strong></span> <span class='ocrx_word' id='word_1_141' title='bbox 194 2647 346 2708; x_wconf 86' lang='lat' dir='ltr'><strong>celeriter</strong></span> <span class='ocrx_word' id='word_1_142' title='bbox 354 2647 387 2705; x_wconf 83' lang='lat' dir='ltr'><strong>et</strong></span> <span class='ocrx_word' id='word_1_143' title='bbox 400 2647 547 2724; x_wconf 84' lang='lat' dir='ltr'><strong>perfecte</strong></span> <span class='ocrx_word' id='word_1_144' title='bbox 559 2646 727 2718; x_wconf 88' lang='lat' dir='ltr'><strong>reclinata,</strong></span> <span class='ocrx_word' id='word_1_145' title='bbox 741 2649 775 2702; x_wconf 91' lang='lat' dir='ltr'><strong>in</strong></span> <span class='ocrx_word' id='word_1_146' title='bbox 790 2643 903 2703; x_wconf 87' lang='lat' dir='ltr'><strong>dextro</strong></span> <span class='ocrx_word' id='word_1_147' title='bbox 923 2660 1000 2700; x_wconf 85' lang='lat' dir='ltr'><strong>vero</strong></span> <span class='ocrx_word' id='word_1_148' title='bbox 1017 2659 1071 2698; x_wconf 88' lang='lat' dir='ltr'><strong>ca-</strong></span> 
     </span>
     <span class='ocr_line' id='line_1_23' title="bbox 57 2732 1070 2819; baseline 0.001 -29"><span class='ocrx_word' id='word_1_149' title='bbox 57 2741 149 2796; x_wconf 82' lang='lat' dir='ltr'><strong>taracta</strong></span> <span class='ocrx_word' id='word_1_150' title='bbox 169 2737 260 2798; x_wconf 86' lang='lat' dir='ltr'><strong>molli</strong></span> <span class='ocrx_word' id='word_1_151' title='bbox 279 2751 311 2798; x_wconf 89' lang='lat' dir='ltr'><strong>et</strong></span> <span class='ocrx_word' id='word_1_152' title='bbox 329 2737 474 2819; x_wconf 88' lang='lat' dir='ltr'><strong>liquida,</strong></span> <span class='ocrx_word' id='word_1_153' title='bbox 495 2736 646 2796; x_wconf 87' lang='lat' dir='ltr'><strong>reclinari</strong></span> <span class='ocrx_word' id='word_1_154' title='bbox 665 2753 735 2795; x_wconf 92' lang='lat' dir='ltr'><strong>non</strong></span> <span class='ocrx_word' id='word_1_155' title='bbox 759 2739 887 2812; x_wconf 87' lang='lat' dir='ltr'><strong>patiens</strong></span> <span class='ocrx_word' id='word_1_156' title='bbox 908 2732 1070 2807; x_wconf 78' lang='lat' dir='ltr'><strong>discerpta</strong></span> 
     </span>
     <span class='ocr_line' id='line_1_24' title="bbox 57 2821 1067 2908; baseline -0.001 -30"><span class='ocrx_word' id='word_1_157' title='bbox 57 2821 146 2884; x_wconf 83' lang='lat' dir='ltr'><strong>solun.</strong></span> <span class='ocrx_word' id='word_1_158' title='bbox 185 2829 503 2901; x_wconf 81' lang='lat' dir='ltr'><strong>Inflammatiuncpla</strong></span> <span class='ocrx_word' id='word_1_159' title='bbox 524 2826 565 2888; x_wconf 85' lang='lat' dir='ltr'><strong>ab</strong></span> <span class='ocrx_word' id='word_1_160' title='bbox 586 2831 780 2908; x_wconf 83' lang='lat' dir='ltr'><strong>operatione</strong></span> <span class='ocrx_word' id='word_1_161' title='bbox 799 2825 896 2885; x_wconf 84' lang='lat' dir='ltr'><strong>facile</strong></span> <span class='ocrx_word' id='word_1_162' title='bbox 917 2824 1067 2894; x_wconf 69' lang='lat' dir='ltr'><strong>exuncta,</strong></span> 
     </span>
    </p>

    <p class='ocr_par' dir='ltr' id='par_1_7' title="bbox 55 2911 1068 3089">
     <span class='ocr_line' id='line_1_25' title="bbox 56 2911 1068 3001; baseline -0.011 -20"><span class='ocrx_word' id='word_1_163' title='bbox 56 2911 89 2972; x_wconf 70' lang='lat' dir='ltr'><strong>llll</strong></span> <span class='ocrx_word' id='word_1_164' title='bbox 98 2922 288 2995; x_wconf 82' lang='lat' dir='ltr'><strong>purissimam</strong></span> <span class='ocrx_word' id='word_1_165' title='bbox 305 2941 365 3001; x_wconf 86' lang='lat' dir='ltr'><strong>per</strong></span> <span class='ocrx_word' id='word_1_166' title='bbox 378 2919 537 3001; x_wconf 88' lang='lat' dir='ltr'><strong>pupillam</strong></span> <span class='ocrx_word' id='word_1_167' title='bbox 552 2924 636 2981; x_wconf 84' lang='lat' dir='ltr'><strong>visus</strong></span> <span class='ocrx_word' id='word_1_168' title='bbox 649 2919 764 2994; x_wconf 84' lang='lat' dir='ltr'><strong>rediit,</strong></span> <span class='ocrx_word' id='word_1_169' title='bbox 785 2921 821 2980; x_wconf 87' lang='lat' dir='ltr'><strong>in</strong></span> <span class='ocrx_word' id='word_1_170' title='bbox 834 2915 898 2979; x_wconf 91' lang='lat' dir='ltr'><strong>hoc</strong></span> <span class='ocrx_word' id='word_1_171' title='bbox 911 2932 989 2975; x_wconf 84' lang='lat' dir='ltr'><strong>vero</strong></span> <span class='ocrx_word' id='word_1_172' title='bbox 1004 2928 1068 2973; x_wconf 88' lang='lat' dir='ltr'><strong>nec</strong></span> 
     </span>
     <span class='ocr_line' id='line_1_26' title="bbox 55 3012 602 3089; baseline 0.007 -23"><span class='ocrx_word' id='word_1_173' title='bbox 55 3021 110 3080; x_wconf 84' lang='lat' dir='ltr'><strong>post</strong></span> <span class='ocrx_word' id='word_1_174' title='bbox 119 3017 137 3089; x_wconf 74' lang='grc'>4</span> <span class='ocrx_word' id='word_1_175' title='bbox 146 3033 273 3076; x_wconf 88' lang='lat' dir='ltr'><strong>menses</strong></span> <span class='ocrx_word' id='word_1_176' title='bbox 286 3012 353 3073; x_wconf 88' lang='lat' dir='ltr'><strong>ulla</strong></span> <span class='ocrx_word' id='word_1_177' title='bbox 363 3012 441 3073; x_wconf 85' lang='lat' dir='ltr'><strong>mali</strong></span> <span class='ocrx_word' id='word_1_178' title='bbox 454 3015 602 3073; x_wconf 89' lang='lat' dir='ltr'><strong>mutatio.</strong></span> 
     </span>
    </p>
   </div>
   <div class='ocr_carea' id='block_1_7' title="bbox 341 3224 748 3325">
    <p class='ocr_par' dir='ltr' id='par_1_8' title="bbox 341 3224 748 3325">
     <span class='ocr_line' id='line_1_27' title="bbox 341 3224 748 3325; baseline 0 -39"><span class='ocrx_word' id='word_1_179' title='bbox 341 3224 589 3325; x_wconf 64' lang='lat' dir='ltr'><strong>observatio</strong></span> <span class='ocrx_word' id='word_1_180' title='bbox 628 3224 748 3287; x_wconf 73' lang='lat' dir='ltr'><strong>xm</strong></span> 
     </span>
    </p>
   </div>
   <div class='ocr_carea' id='block_1_8' title="bbox 53 3350 1066 4075">
    <p class='ocr_par' dir='ltr' id='par_1_9' title="bbox 53 3350 1066 4075">
     <span class='ocr_line' id='line_1_28' title="bbox 107 3350 1061 3442; baseline -0.012 -28"><span class='ocrx_word' id='word_1_181' title='bbox 107 3353 141 3414; x_wconf 90' lang='lat' dir='ltr'><strong>In</strong></span> <span class='ocrx_word' id='word_1_182' title='bbox 156 3357 327 3442; x_wconf 83' lang='lat' dir='ltr'><strong>Mirtinger</strong></span> <span class='ocrx_word' id='word_1_183' title='bbox 348 3360 493 3440; x_wconf 78' lang='lat' dir='ltr'><strong>Georgia</strong></span> <span class='ocrx_word' id='word_1_184' title='bbox 519 3357 667 3418; x_wconf 83' lang='lat' dir='ltr'><strong>seniculo</strong></span> <span class='ocrx_word' id='word_1_185' title='bbox 696 3354 831 3417; x_wconf 83' lang='lat' dir='ltr'><strong>robusto</strong></span> <span class='ocrx_word' id='word_1_186' title='bbox 861 3350 1061 3432; x_wconf 81' lang='lat' dir='ltr'><strong>70agenario</strong></span> 
     </span>
     <span class='ocr_line' id='line_1_29' title="bbox 56 3440 1062 3530; baseline -0.011 -27"><span class='ocrx_word' id='word_1_187' title='bbox 56 3457 111 3505; x_wconf 83' lang='lat' dir='ltr'><strong>ante</strong></span> <span class='ocrx_word' id='word_1_188' title='bbox 123 3455 319 3511; x_wconf 83' lang='lat' dir='ltr'><strong>novennium</strong></span> <span class='ocrx_word' id='word_1_189' title='bbox 331 3471 391 3530; x_wconf 88' lang='lat' dir='ltr'><strong>per</strong></span> <span class='ocrx_word' id='word_1_190' title='bbox 407 3464 585 3511; x_wconf 87' lang='lat' dir='ltr'><strong>cataractae</strong></span> <span class='ocrx_word' id='word_1_191' title='bbox 602 3453 805 3509; x_wconf 79' lang='lat' dir='ltr'><strong>extractionis</strong></span> <span class='ocrx_word' id='word_1_192' title='bbox 820 3440 967 3522; x_wconf 77' lang='lat' dir='ltr'><strong>sequelae</strong></span> <span class='ocrx_word' id='word_1_193' title='bbox 983 3456 1062 3496; x_wconf 91' lang='lat' dir='ltr'><strong>ocu·</strong></span> 
     </span>
     <span class='ocr_line' id='line_1_30' title="bbox 53 3530 1064 3617; baseline -0.016 -17"><span class='ocrx_word' id='word_1_194' title='bbox 53 3530 77 3593; x_wconf 80' lang='lat'><strong>10</strong></span> <span class='ocrx_word' id='word_1_195' title='bbox 86 3542 198 3605; x_wconf 77' lang='lat' dir='ltr'><strong>sinistro</strong></span> <span class='ocrx_word' id='word_1_196' title='bbox 214 3543 379 3616; x_wconf 82' lang='lat' dir='ltr'><strong>frustrato,</strong></span> <span class='ocrx_word' id='word_1_197' title='bbox 396 3541 525 3603; x_wconf 87' lang='lat' dir='ltr'><strong>alterius</strong></span> <span class='ocrx_word' id='word_1_198' title='bbox 543 3541 666 3601; x_wconf 88' lang='lat' dir='ltr'><strong>lumine</strong></span> <span class='ocrx_word' id='word_1_199' title='bbox 678 3559 740 3617; x_wconf 87' lang='lat' dir='ltr'><strong>per</strong></span> <span class='ocrx_word' id='word_1_200' title='bbox 753 3530 1064 3617; x_wconf 71' lang='lat' dir='ltr'><strong>capsulam-lenticu-</strong></span> 
     </span>
     <span class='ocr_line' id='line_1_31' title="bbox 53 3618 1062 3713; baseline -0.012 -24"><span class='ocrx_word' id='word_1_201' title='bbox 53 3622 129 3690; x_wconf 82' lang='lat' dir='ltr'><strong>ltram</strong></span> <span class='ocrx_word' id='word_1_202' title='bbox 147 3632 319 3709; x_wconf 85' lang='lat' dir='ltr'><strong>destituto,</strong></span> <span class='ocrx_word' id='word_1_203' title='bbox 343 3653 388 3713; x_wconf 89' lang='lat'><strong>17.</strong></span> <span class='ocrx_word' id='word_1_204' title='bbox 402 3632 479 3694; x_wconf 74' lang='lat' dir='ltr'><strong>tulit</strong></span> <span class='ocrx_word' id='word_1_205' title='bbox 498 3642 573 3704; x_wconf 70' lang='lat'><em>1812</em></span> <span class='ocrx_word' id='word_1_206' title='bbox 589 3630 793 3711; x_wconf 82' lang='lat' dir='ltr'><strong>keratonyxis</strong></span> <span class='ocrx_word' id='word_1_207' title='bbox 816 3627 911 3686; x_wconf 79' lang='lat' dir='ltr'><strong>facta.</strong></span> <span class='ocrx_word' id='word_1_208' title='bbox 954 3618 1062 3681; x_wconf 87' lang='lat' dir='ltr'><strong>Facile</strong></span> 
     </span>
     <span class='ocr_line' id='line_1_32' title="bbox 55 3715 1063 3803; baseline -0.015 -20"><span class='ocrx_word' id='word_1_209' title='bbox 55 3722 179 3797; x_wconf 73' lang='lat' dir='ltr'><strong>epulae</strong></span> <span class='ocrx_word' id='word_1_210' title='bbox 192 3744 293 3786; x_wconf 85' lang='lat' dir='ltr'><strong>naxus</strong></span> <span class='ocrx_word' id='word_1_211' title='bbox 307 3728 456 3803; x_wconf 83' lang='lat' dir='ltr'><strong>superior</strong></span> <span class='ocrx_word' id='word_1_212' title='bbox 469 3722 676 3803; x_wconf 87' lang='lat' dir='ltr'><strong>lateralisque</strong></span> <span class='ocrx_word' id='word_1_213' title='bbox 692 3719 847 3792; x_wconf 85' lang='lat' dir='ltr'><strong>cedebat,</strong></span> <span class='ocrx_word' id='word_1_214' title='bbox 871 3715 1063 3794; x_wconf 85' lang='lat' dir='ltr'><strong>obsequiosa</strong></span> 
     </span>
     <span class='ocr_line' id='line_1_33' title="bbox 53 3803 1063 3895; baseline -0.013 -21"><span class='ocrx_word' id='word_1_215' title='bbox 53 3808 215 3876; x_wconf 73' lang='lat' dir='ltr'><strong>infundunt</strong></span> <span class='ocrx_word' id='word_1_216' title='bbox 229 3815 321 3877; x_wconf 88' lang='lat' dir='ltr'><strong>bulbi</strong></span> <span class='ocrx_word' id='word_1_217' title='bbox 337 3816 590 3894; x_wconf 84' lang='lat' dir='ltr'><strong>deprimebatur,</strong></span> <span class='ocrx_word' id='word_1_218' title='bbox 614 3809 771 3895; x_wconf 88' lang='lat' dir='ltr'><strong>pupillam</strong></span> <span class='ocrx_word' id='word_1_219' title='bbox 785 3807 953 3889; x_wconf 89' lang='lat' dir='ltr'><strong>limpidam</strong></span> <span class='ocrx_word' id='word_1_220' title='bbox 965 3803 1063 3865; x_wconf 87' lang='lat' dir='ltr'><strong>relin-</strong></span> 
     </span>
     <span class='ocr_line' id='line_1_34' title="bbox 56 3898 1065 3986; baseline -0.011 -24"><span class='ocrx_word' id='word_1_221' title='bbox 56 3916 137 3977; x_wconf 73' lang='lat' dir='ltr'><strong>quens</strong></span> <span class='ocrx_word' id='word_1_222' title='bbox 155 3924 321 3981; x_wconf 85' lang='lat' dir='ltr'><strong>cataracta,</strong></span> <span class='ocrx_word' id='word_1_223' title='bbox 342 3922 374 3968; x_wconf 89' lang='lat' dir='ltr'><strong>at</strong></span> <span class='ocrx_word' id='word_1_224' title='bbox 392 3912 425 3969; x_wconf 85' lang='lat' dir='ltr'><strong>vi</strong></span> <span class='ocrx_word' id='word_1_225' title='bbox 443 3920 613 3986; x_wconf 85' lang='lat' dir='ltr'><strong>premente</strong></span> <span class='ocrx_word' id='word_1_226' title='bbox 628 3911 678 3965; x_wconf 80' lang='lat' dir='ltr'><strong>vix</strong></span> <span class='ocrx_word' id='word_1_227' title='bbox 696 3908 892 3974; x_wconf 85' lang='lat' dir='ltr'><strong>remittente,</strong></span> <span class='ocrx_word' id='word_1_228' title='bbox 913 3898 1065 3976; x_wconf 86' lang='lat' dir='ltr'><strong>adeoque</strong></span> 
     </span>
     <span class='ocr_line' id='line_1_35' title="bbox 56 3995 1066 4075; baseline -0.015 -15"><span class='ocrx_word' id='word_1_229' title='bbox 56 4009 103 4052; x_wconf 71' lang='lat'><strong>⁸011</strong></span> <span class='ocrx_word' id='word_1_230' title='bbox 118 4017 152 4059; x_wconf 85' lang='lat' dir='ltr'><strong>ex</strong></span> <span class='ocrx_word' id='word_1_231' title='bbox 169 4001 265 4063; x_wconf 91' lang='lat' dir='ltr'><strong>oculo</strong></span> <span class='ocrx_word' id='word_1_232' title='bbox 285 4005 335 4061; x_wconf 82' lang='lat' dir='ltr'><strong>vix</strong></span> <span class='ocrx_word' id='word_1_233' title='bbox 353 4014 507 4072; x_wconf 88' lang='lat' dir='ltr'><strong>tetracta,</strong></span> <span class='ocrx_word' id='word_1_234' title='bbox 532 3998 678 4059; x_wconf 88' lang='lat' dir='ltr'><strong>resiliens</strong></span> <span class='ocrx_word' id='word_1_235' title='bbox 698 3995 807 4057; x_wconf 89' lang='lat' dir='ltr'><strong>locum</strong></span> <span class='ocrx_word' id='word_1_236' title='bbox 825 3996 995 4075; x_wconf 87' lang='lat' dir='ltr'><strong>pristinum</strong></span> <span class='ocrx_word' id='word_1_237' title='bbox 1016 4007 1066 4045; x_wconf 84' lang='lat' dir='ltr'><strong>re-</strong></span> 
     </span>
    </p>
   </div>
   <div class='ocr_carea' id='block_1_9' title="bbox 56 4076 1067 4174">
    <p class='ocr_par' dir='ltr' id='par_1_10' title="bbox 56 4076 1067 4174">
     <span class='ocr_line' id='line_1_36' title="bbox 56 4076 1067 4174; baseline -0.011 -24"><span class='ocrx_word' id='word_1_238' title='bbox 56 4089 215 4164; x_wconf 72' lang='lat' dir='ltr'><strong>superabat.</strong></span> <span class='ocrx_word' id='word_1_239' title='bbox 259 4095 395 4174; x_wconf 84' lang='lat' dir='ltr'><strong>Saepius</strong></span> <span class='ocrx_word' id='word_1_240' title='bbox 415 4091 494 4156; x_wconf 87' lang='lat' dir='ltr'><strong>dein</strong></span> <span class='ocrx_word' id='word_1_241' title='bbox 513 4091 653 4154; x_wconf 80' lang='lat' dir='ltr'><strong>ea&#39;ndem</strong></span> <span class='ocrx_word' id='word_1_242' title='bbox 671 4108 731 4170; x_wconf 88' lang='lat' dir='ltr'><strong>per</strong></span> <span class='ocrx_word' id='word_1_243' title='bbox 745 4101 927 4170; x_wconf 86' lang='lat' dir='ltr'><strong>aperturam</strong></span> <span class='ocrx_word' id='word_1_244' title='bbox 948 4076 1067 4160; x_wconf 84' lang='lat' dir='ltr'><strong>absque</strong></span> 
     </span>
    </p>
   </div>
   <div class='ocr_carea' id='block_1_10' title="bbox 0 0 1368 4960">
    <p class='ocr_par' dir='ltr' id='par_1_11' title="bbox 0 0 1368 4960">
     <span class='ocr_line' id='line_1_37' title="bbox 0 0 1368 4960; baseline 0 1"><span class='ocrx_word' id='word_1_245' title='bbox 0 0 1368 4960; x_wconf 95' lang='lat' dir='ltr'><strong> </strong></span> 
     </span>
    </p>
   </div>
  </div>
 </body>
</html>
