2728 4960
212 450 220 457 .
295 419 366 497 174
446 405 633 479 Janoaa
670 420 731 468 nn
766 418 1167 471 anaarourxrnn.

291 583 424 643 mandas
445 599 508 641 nec
526 582 588 639 nisi
612 596 736 661 organo
759 565 820 655 per
841 580 1108 655 suppurationem
1134 595 1229 638 exeso
1236 617 1248 649 ,
1278 588 1329 635 ant

293 673 441 754 atrophia
463 686 657 750 consumpto
680 667 902 749 deflagrante&
1357 672 1358 683 ¹

327 806 331 823 s
366 765 477 825 Gravis
499 758 575 821 hinc
596 761 663 820 lex:
694 760 866 840 capsulam
879 757 1074 821 dissecamus
1090 761 1188 821 lentis
1202 762 1244 821 'in
1258 760 1329 823 aab·

287 861 451 920 stantiam
474 852 641 934 profunde
666 873 733 913 noa
759 849 953 930 penetrato,
979 875 1023 912 ne
1047 854 1184 913 sublata
1213 852 1328 912 cultae·
1357 902 1358 913 ,

286 953 380 1009 ricae
400 947 558 1006 arnollitio
578 959 674 1006 tanto
693 942 865 1022 rapidior:
890 945 1046 1019 comporto
1060 947 1191 1024 pocius,
1217 945 1327 1003 humo·
1357 966 1358 991 ι

287 1042 334 1099 ris
353 1040 453 1120 aquei
477 1039 739 1116 sorbeatiamqae
754 1053 907 1093 vasorum
922 1038 1043 1112 parua
1067 1035 1106 1097 id
1133 1038 1324 1099 nannetico
1357 1072 1358 1083 ι

287 1133 457 1208 negotiana
462 1152 476 1198 ,·
531 1128 704 1208 alteraque
738 1127 932 1204 operatione
971 1130 1143 1187 successiva
1185 1129 1326 1187 consumi
1357 1206 1358 1213 ἵ

290 1234 503 1283 cataractam
518 1220 690 1299 praeferto
718 1219 837 1301 magis,
861 1235 960 1294 qaam
981 1231 1017 1277 ut
1030 1215 1230 1295 festinando
1253 1237 1324 1279 ooa-
1357 1228 1358 1273 ζ

289 1313 358 1373 lam
372 1309 506 1392 perdas.
941 1369 944 1377 ,

362 1402 454 1461 Circa
473 1400 703 1480 particularum
729 1398 929 1483 singularum
955 1422 992 1461 ex
1012 1399 1101 1461 oculi
1125 1422 1251 1462 camera
1272 1420 1323 1461 an·
1357 1426 1358 1429 ¹

285 1494 396 1560 teriori
424 1493 686 1554 emandationem
710 1513 868 1573 perquam
895 1488 1108 1571 superfluam,
1146 1510 1203 1565 ea,
1242 1512 1322 1571 quae

287 1583 329 1643 de
350 1587 597 1645 concretionum
617 1583 833 1660 disjunctione
855 1583 952 1653 dicta,
975 1581 1116 1645 valente.
1161 1584 1232 1642 Nec
1251 1603 1321 1643 suae
1357 1616 1358 1623 ι

287 1694 425 1752 operans
447 1673 625 1736 dexteritati
645 1674 781 1748 tribuat,
804 1678 831 1745 ai
844 1673 947 1737 lentis
967 1673 1129 1755 quaedam
1147 1675 1320 1755 particulae
1357 1674 1358 1691 1

286 1769 323 1824 in
349 1769 539 1825 anteriorem
567 1766 654 1827 oculi
675 1787 832 1826 cameram
852 1771 1105 1841 transnaverint,
1135 1786 1200 1825 nec
1217 1769 1320 1848 magni
1357 1798 1358 1821 t

285 1856 321 1915 id
340 1857 453 1930 iaciat,
480 1857 539 1918 sed
558 1856 681 1936 superis
702 1871 808 1938 gratus
834 1857 998 1929 immolet,
1026 1862 1054 1917 si
1081 1877 1142 1917 acu
1167 1861 1320 1935 intempe·
1357 1886 1358 1915 t

285 1952 365 2011 stive
386 1970 423 2009 ac
442 1945 599 2010 effrenate
618 1949 765 2010 volutans
787 1950 937 2010 oculum
928 1968 998 2027 rpse
1019 1945 1244 2021 nonsubruat,
1263 1966 1320 2007 nec

285 2039 440 2114 bulbum,
467 2054 615 2100 tenerum
635 2038 699 2100 hoc
719 2061 867 2122 organon
886 2060 947 2120 pro
964 2034 1106 2120 sphaera
1128 2038 1246 2099 habeat
1247 2082 1263 2113 ,
1287 2043 1319 2099 in

286 2153 368 2211 qua,
395 2147 432 2193 ut
460 2135 557 2192 cuivis
577 2152 636 2193 sua
654 2131 718 2192 fert
736 2131 858 2206 libido,
889 2136 926 2192 in
944 2135 1164 2237 instrumentis
1186 2133 1358 2192 exerceri

284 2222 372 2283 licet
521 2256 526 2281 t

360 2312 499 2391 Capaula
517 2333 607 2386 vero,
629 2319 761 2375 caeteris
782 2313 870 2375 oculi
888 2311 1046 2394 partibus,
1067 2322 1165 2393 quain
1183 2315 1253 2376 fieri
1265 2333 1358 2399 po·

283 2417 367 2465 terat
384 2407 520 2463 maxime
540 2403 707 2482 parcendo
727 2409 788 2465 rite
809 2390 956 2479 liscissa,
986 2403 1038 2464 hic
1057 2403 1108 2465 ab
1117 2407 1289 2468 ulteriori
1281 2425 1358 2489 rr·

283 2500 454 2557 citamento
475 2494 611 2559 sollicite
630 2495 838 2570 muniendus,
858 2514 903 2557 ne
924 2501 1033 2577 quavis
1054 2497 1123 2558 iere
1140 2503 1222 2572 vice,
1244 2497 1358 2559 alio-1

283 2590 365 2668 quin
384 2584 585 2668 subsequens
604 2583 815 2646 inflammatio
843 2603 1018 2669 augeatur,
1048 2604 1104 2648 aut
1132 2602 1238 2649 creata
1262 2586 1358 2647 aal-

280 2693 348 2739 tem
367 2685 403 2740 in
423 2678 597 2761 phiogoain
616 2679 722 2753 maior
747 2685 1001 2757 opportunitas
992 2701 1027 2741 111
1047 2680 1160 2741 hanc
1151 2697 1251 2760 aptam
1269 2700 1315 2739 ex·
1357 2720 1358 2727 ι

282 2771 411 2844 alatur,
431 2789 648 2854 organonque
669 2770 845 2831 discrimini
865 2770 1030 2850 superfluo
1052 2788 1242 2852 exponatur.
1262 2774 1315 2832 As·
1357 2840 1358 2849 χ

281 2862 374 2922 sidua
394 2879 468 2940 pust
498 2865 723 2941 operationem
750 2865 787 2920 in
812 2861 944 2921 oculum
972 2866 1126 2936 attentio,
1154 2866 1263 2944 prouti
1285 2876 1314 2922 et

279 2958 565 3032 promptissimum,
586 2952 706 3031 siquid
724 2966 853 3033 praeter
862 2972 1016 3015 normam
1025 2959 1144 3030 evenit,
1158 2953 1312 3026 auxilipm,
1357 3002 1358 3023 ff

282 3048 379 3102 ctiam
398 3065 451 3103 me
470 3050 540 3104 tto‘t‘t
558 3057 726 3118 monente,
750 3044 1035 3109 administrabitur.

356 3133 543 3193 Cataractae
568 3144 679 3193 antem
701 3136 900 3198 solutionem
928 3157 967 3198 ac
994 3142 1249 3199 evanescentium
1275 3132 1310 3196 ab
1357 3130 1358 3209 J

279 3221 370 3281 oculi
398 3228 557 3285 activitate
590 3227 783 3306 tranquillus
813 3244 979 3308 exspecta,
1008 3250 1072 3290 nec
1104 3244 1196 3291 tuum
1224 3247 1310 3312 agere
1357 3268 1358 3311 1

278 3317 479 3393 praecipitat
511 3337 610 3396 saepe
638 3321 724 3378 enim
752 3324 913 3400 retorptio
946 3319 1082 3381 celerius
1113 3322 1311 3401 progreditur
1357 3318 1358 3335 ¹

280 3421 315 3465 et
336 3406 408 3484 plut
427 3422 609 3490 resorptum
629 3426 694 3485 ert,
718 3430 816 3491 quam
836 3426 856 3471 e
880 3412 1009 3472 residua
1035 3409 1142 3472 adhuc
1169 3411 1310 3473 obscura·
1357 3396 1358 3475 Ϊ

278 3502 371 3559 tione
402 3498 607 3562 concluseris.
658 3499 914 3582 absorptionem
946 3522 1023 3564 vero
1057 3499 1309 3564 inflammationis

278 3590 320 3649 ab
340 3596 533 3671 operatione
553 3595 742 3658 excitandae
761 3609 851 3655 metu
878 3592 994 3656 abacto
1023 3599 1161 3656 externis
1186 3610 1309 3675 promo·

276 3683 417 3742 vendam
432 3694 511 3745 tunc
525 3686 627 3748 tolum
639 3685 873 3760 affirmaverim,
889 3686 967 3747 dum
977 3701 1115 3767 tempus,
1128 3689 1214 3746 intra
1228 3680 1358 3769 quod

278 3788 350 3834 eam
369 3775 434 3852 jam
453 3781 643 3860 contingere
668 3793 851 3858 oporteret,
885 3776 1008 3859 absque
1033 3774 1154 3839 effectu
1178 3789 1309 3857 praeter·
1357 3792 1358 3827 1

273 3863 404 3943 lapsum
425 3882 489 3942 est,
521 3885 576 3929 aut
601 3870 745 3952 reliquus
766 3875 910 3949 corporis
929 3883 1028 3931 status
1048 3873 1199 3930 inertiam
1217 3880 1308 3952 syste-

277 3962 370 4017 matis
388 3958 606 4041 lymphatici
595 3983 667 4043 Jure
691 3983 879 4049 supponere
905 3962 1066 4038 jusserint
1107 3958 1234 4040 Quibus
1252 3952 1304 4017 tub

275 4046 456 4124 adjunctio,
482 4057 511 4113 ai
539 4055 580 4115 de
608 4055 740 4136 capaula
765 4052 966 4116 sufficientur
991 4050 1121 4132 aperta,
1156 4053 1306 4114 convictu

276 4156 366 4215 tura,
390 4137 559 4207 humorem
578 4162 718 4228 aqueum
734 4146 891 4231 profundi
915 4146 1018 4230 longe
1038 4148 1199 4226 optimum
1214 4154 1308 4205 tator·
1357 4186 1358 4247 3

1357 4288 1358 4323 1

1357 4356 1358 4415 1
