2762 4960
272 411 459 491 ,tanais
495 373 868 472 carantaniae.
1048 425 1094 493 53

50 570 310 658 comprobatur,
331 590 612 653 naquaquam'eas
632 572 807 652 simplicem
826 579 937 641 sistere
957 579 1089 644 cellula·

52 687 138 751 sam,
171 682 286 727 verum
312 682 401 749 eam,
431 677 467 722 ut
492 668 528 724 in
555 682 685 744 quaque
710 664 864 743 peculiari
887 669 1087 745 membrana,

59 762 98 818 ita
116 748 153 818 in
176 756 229 818 bis·
244 775 377 838 quoque
396 752 600 835 singulariter
614 752 855 819 conformatam.
889 760 958 823 Jam
979 778 1087 825 autem

58 846 297 927 pelluciditate,
318 863 462 906 necnon
478 846 751 905 constitutivarum
769 853 906 925 partium
920 851 1098 916 cohaesio·¹

58 959 96 998 ua
128 940 406 1019 organisationem
440 935 654 1009 ostendunt,·
678 957 762 1017 qnae
797 947 868 999 curii
899 942 990 1004 nulla
1023 942 1087 1005 alie

58 1029 316 1091 membranarum
337 1027 436 1088 classe
456 1045 583 1105 prorsus
603 1030 705 1107 possit
722 1035 908 1109 comparari.
945 1034 1084 1096 Maxime

57 1138 167 1184 tamen
193 1138 346 1201 quaeque
374 1136 411 1177 ex
437 1136 493 1177 sua
511 1116 634 1178 ‘indole
659 1121 853 1205 membranis
880 1142 916 1183 se
941 1122 1086 1205 adjungit

57 1218 189 1284 setosis,
217 1207 310 1292 quod
327 1211 472 1288 inprimis
493 1208 610 1269 accidit
628 1212 664 1270 in
683 1213 824 1292 capsula.
860 1213 906 1274 Ex
927 1212 993 1288 bis,
1014 1218 1085 1296 qui·

11 1354 13 1375 ,
56 1303 124 1364 bus
142 1302 218 1365 illae
245 1303 384 1361 maxime
408 1303 579 1379 insignitae
606 1316 681 1360 sunt
704 1302 973 1384 proprietatibus,
1004 1300 1085 1364 lt'aec

11 1388 12 1403 ³
56 1397 122 1456 iere
151 1391 228 1455 mibi
254 1390 406 1472 videntur
431 1405 598 1469 expromtn
625 1391 742 1474 digna:
783 1397 810 1474 1)
832 1393 962 1473 capsula
986 1382 1083 1452 lentis

57 1485 215 1547 sacculum
235 1485 403 1542 constituit
422 1499 483 1561 per
503 1502 537 1543 se
558 1482 717 1556 clausum,
745 1501 906 1567 nusquam
925 1498 1082 1564 apertum,

57 1581 117 1657 qui
136 1592 277 1657 organon
300 1575 338 1631 in
362 1589 397 1630 se
425 1570 605 1652 depositum
626 1572 750 1656 ubique
772 1574 962 1647 circumdat,
992 1574 1082 1652 cujus

59 1665 216 1747 qualitatis
237 1670 295 1724 etsi
323 1662 441 1725 zonula
462 1664 576 1726 ciliaris
602 1665 732 1746 quidem
757 1665 937 1728 rudimenta
959 1678 1083 1727 tantum
1148 1654 1154 1665 “

60 1755 218 1829 exhibeat,
237 1770 351 1816 tamen
369 1748 459 1833 quasi
475 1754 575 1817 altero
592 1755 714 1816 lentam
729 1759 827 1838 cingit
845 1761 1080 1842 integumento,

58 1862 212 1928 quatenus
228 1844 300 1905 lens
320 1865 339 1904 a
355 1862 491 1922 corpore
505 1851 605 1907 vitreo
624 1865 694 1907 non
711 1845 840 1908 obtecta
856 1864 921 1921 est3
952 1852 982 1928 a)
995 1863 1082 1908 utra-

56 1957 121 2019 que
145 1942 304 1997 internam
333 1949 367 1994 et
392 1933 527 1996 liberam
553 1935 652 1998 habet
678 1936 896 2017 superficiem,
931 1962 950 2002 a
977 1939 1080 2001 fluido

54 2033 231 2110 irrigatam,
253 2024 346 2106 quod
362 2029 397 2085 in
418 2038 501 2085 statu
517 2028 656 2087 naturali
671 2028 806 2088 formam
821 2031 929 2090 induit
941 2032 1078 2110 vaporis,

56 2118 213 2201 quodque
230 2122 319 2196 ipsae
332 2119 449 2195 partim
464 2129 645 2190 secernere,
666 2123 782 2197 partim
798 2124 944 2200 recipere
957 2121 1081 2197 solent3

53 2209 173 2270 ambae
193 2214 284 2268 etiam
305 2222 468 2268 externam
488 2203 609 2266 habent
626 2211 843 2289 superficiem,
866 2233 929 2294 qua
948 2213 1080 2295 juvante

54 2301 246 2381 conjunctio
259 2321 367 2362 aarum
381 2319 451 2359 cum
465 2301 615 2376 proximis
631 2299 767 2362 afficitur
780 2308 926 2386 organis;
952 2307 1080 2383 wabra-

54 2414 140 2474 que,
181 2390 287 2453 donec
322 2389 414 2449 alteri
450 2402 537 2449 certo
570 2388 644 2453 loeo
679 2397 792 2454 intime
826 2415 860 2454 se
882 2406 1078 2465 connectat,

54 2506 150 2548 unam
165 2485 332 2545 constituit
348 2481 518 2551 laminam,
537 2494 623 2560 'qnae
642 2486 677 2542 in
692 2481 770 2544 duas
789 2488 952 2567 portiones
967 2484 1080 2544 distin-

57 2581 112 2658 gui
133 2578 268 2657 nequit;
309 2575 340 2653 4)
361 2576 439 2633 item
466 2576 501 2631 in
522 2584 606 2631 statu
631 2577 755 2653 integro
781 2595 851 2634 eam
872 2591 998 2655 tantum
1024 2573 1080 2634 ba-

59 2668 133 2730 bent
147 2665 408 2737 sensibilitatem,
431 2683 527 2744 quam
546 2661 691 2722 Bichat
707 2664 735 2739 ²)
745 2667 938 2745 'organicam
953 2680 1081 2723 nuncu·

55 2756 153 2841 pavit,
177 2779 264 2841 quae
284 2771 394 2815 tamen
410 2757 531 2834 pariter
548 2756 584 2810 in
601 2757 668 2825 iia,
681 2768 724 2811 ac
735 2755 771 2811 iu
787 2746 902 2816 setosis
920 2752 1080 2814 membra»

56 2858 104 2914 uis
122 2844 366 2933 quodammodo
392 2849 429 2905 iu
451 2840 653 2923 processibus
677 2843 835 2906 morbosis
864 2847 906 2907 ad
932 2846 1080 2930 dolorem

56 2962 155 3024 usque
188 2945 302 3021 augeri
326 2939 471 3008 videtur,
511 2933 602 3013 qnod
636 2940 751 3014 partim
783 2958 834 2998 exv
853 2935 1117 3019 photopbobia''

57 3035 139 3096 oculi
159 3038 197 3094 in
220 3029 433 3110 complurium
459 3039 685 3092 cataractarum
710 3041 799 3102 ortu,
825 3035 941 3109 partim
969 3049 1080 3092 evera

56 3127 159 3188 elucet
171 3124 313 3193 dolore,
342 3138 438 3198 quem
457 3115 609 3178 nonnulli
634 3122 679 3177 in·
691 3131 867 3181 cataractae
888 3123 1095 3204 operatione

56 3223 214 3291 sentiunt,
240 3227 398 3295 quatenus
418 3206 470 3268 bic
487 3206 583 3267 dolor
601 3212 636 3269 in
653 3213 723 3287 ipsa
743 3216 933 3290 operatione
947 3221 1021 3273 'uon
1042 3232 1081 3272 er

56 3309 116 3371 alia
133 3303 346 3390 proficiscitur
364 3316 474 3367 causat
502 3298 533 3375 5)
548 3302 655 3366 inesse
673 3304 720 3360 eis
740 3305 836 3363 etiam
854 3307 928 3364 satis
946 3303 1079 3363 multam

55 3407 272 3473 tenacitatem,
290 3395 425 3455 maxime
441 3401 572 3449 testatur
586 3390 724 3472 capsula,
744 3397 875 3471 quaein
889 3391 1081 3473 quibusdam

58 3505 234 3567 cataractae
255 3483 422 3568 speciebus
442 3479 483 3543 ad
498 3499 630 3551 enorme
650 3501 755 3561 usque
772 3482 924 3545 volumen
945 3478 1081 3560 expandi

56 3598 179 3666 potest,
204 3599 268 3640 nec
293 3574 389 3642 facile
414 3585 529 3654 sponte
550 3592 611 3659 ‘sua
632 3570 846 3652 disrumpitur.
888 3571 961 3633 Pari
980 3571 1081 3632 modo

56 3683 172 3738 imum
197 3672 334 3732 maxima
358 3670 394 3725 in
418 3663 535 3725 zonula
558 3664 674 3736 ciliari,
701 3659 745 3725 ob
770 3665 950 3723 reactionas
975 3668 1081 3723 motus

53 3774 90 3833 in
107 3775 280 3849 systemata
298 3757 394 3817 lentis
414 3759 608 3816 necessarias
634 3755 676 3815 ad
701 3754 781 3813 lucis
806 3749 959 3813 influxum
983 3752 1082 3811 iactas

52 3855 215 3943 pagancia
235 3867 283 3917 est
302 3845 457 3933 ejusmodi
477 3849 650 3919 tenacitas,
678 3849 735 3909 etsi
759 3847 795 3906 in
814 3842 912 3908 oculo
936 3842 1008 3901 viva
1027 3858 1082 3902 oc·

51 3975 375 4005 W

88 4055 119 4123 a)
140 4048 240 4123 Traits?
256 4045 303 4103 des
320 4044 545 4125 membranacea
560 4041 673 4122 general
687 4059 716 4104 et
730 4040 759 4100 d.
774 4041 897 4102 divense
911 4039 1031 4098 membr.
1048 4057 1082 4092 au

124 4114 463 4196 pardcd'Patta‘wpp.
623 4139 626 4147 ·
683 4136 686 4143 ‹
941 4134 945 4143 .
