2762 4960
290 395 900 451 rnnrrscnrsrturrnsr.
1072 412 1117 477 17

65 574 119 636 per
147 567 285 625 uotum,
319 557 378 635 qui
390 552 519 614 lentem
541 559 643 638 cingit
666 551 843 631 curbitum,
868 555 978 619 infleti
996 576 1112 641 potest,

63 661 199 727 tumque
222 650 319 728 quasi
339 651 375 705 in
395 644 536 707 bullulas
553 648 672 709 elevari
685 647 830 718 videtur;
852 651 973 713 zonula
991 673 1114 738 nempe

60 743 91 799 in
104 744 245 820 spatiis,
268 759 286 796 a
301 737 460 797 fasciculis
477 738 609 801 redistis
624 737 744 801 relictis
761 743 900 800 maximo
919 744 994 806 aere
1015 751 1112 812 attol-

42 831 147 905 litur,
172 837 214 891 in
234 835 274 891 iis
296 845 406 888 autem
424 829 524 902 locis,
551 827 609 889 ubi
627 830 717 890 illam
737 847 931 912 percurrunt
948 835 1109 917 fasciculi,

59 929 202 985 striatam
217 938 255 984 ct
269 926 470 981 constrictam
484 920 615 981 exhibet
631 920 767 1004 figuram
786 925 824 1000 ¹).
863 925 1036 990 Caeterum
1047 936 1109 993 im.

59 1020 168 1074 missus
188 1013 276 1074 huic
289 1023 367 1070 cavo
389 1012 445 1070 aer
461 1027 518 1072 aut
537 1009 655 1073 humor
671 1017 708 1073 in
726 1013 853 1074 nullutn
873 1016 974 1079 alium
989 1025 1111 1091 exinde

58 1119 208 1186 penetret
228 1104 361 1177 locum,
390 1105 482 1183 quod
509 1109 628 1164 itennn
647 1119 840 1187 argumento
862 1123 930 1181 est,
952 1115 1108 1188 concludi

59 1196 145 1263 illum
166 1218 188 1256 a
210 1195 315 1256 tribus
335 1193 536 1273 membranis
551 1201 709 1278 propriis,
727 1201 846 1279 suique
865 1208 1006 1282 generis.

522 1349 553 1425 i·
594 1367 640 1415 ιι.

129 1458 241 1538 Quem
264 1452 399 1521 exbibet
419 1456 539 1519 zonula
565 1457 606 1519 nb
629 1461 781 1521 exteriori
803 1478 865 1522 suo
884 1452 1032 1548 margine
1052 1486 1107 1530 us-

61 1570 125 1631 que
151 1553 193 1611 ad
211 1551 422 1612 manifestam
444 1555 480 1610 in
504 1549 669 1629 capsulam
689 1555 922 1629 insertionem,
951 1556 1103 1639 annulus,

63 1663 101 1702 er
125 1642 179 1702 illo
202 1640 372 1726 architypo
400 1640 615 1722 plurimorum
643 1656 862 1723 organorum,
889 1667 988 1729 quem
1006 1671 1106 1732 supra

61 1733 122 1810 jam
138 1741 407 1808 memoravimus,
431 1732 554 1795 scilicet
573 1731 663 1792 iridis
678 1750 713 1795 et
729 1743 870 1817 corporis
892 1740 1027 1818 essim„
1047 1750 1104 1808 Μ.

61 1825 129 1885 dem
151 1831 188 1886 in
214 1843 320 1906 perte·
336 1832 467 1888 interna
489 1829 656 1906 angustior
677 1842 728 1888 cst
755 1850 852 1909 quam
879 1836 914 1891 in
936 1842 1101 1903 exteriori.

61 1918 310 1979 Ccncenmicum
347 1940 425 1986 curu⁴
458 1930 530 1978 toto
566 1937 704 1998 corpore
734 1921 836 1982 cilieri
864 1921 966 1986 habet
992 1931 1103 2005 situm,

60 2031 130 2070 cum
157 2016 279 2090 pariter
304 2027 405 2093 stque
433 2007 516 2069 illud
542 2006 583 2066 ad
607 2009 821 2073 medullarem
840 2019 966 2079 retineo
982 2025 1103 2102 margi.

56 2120 131 2165 nem
162 2103 203 2162 ab
221 2125 276 2164 orn
303 2109 440 2185 incipiet
459 2115 590 2163 serrata.
636 2099 703 2161 Ubi
727 2123 801 2183 pers
823 2105 963 2168 conules
984 2107 1103 2174 cilisri's

57 2199 201 2255 enterior
220 2195 388 2274 superficie
409 2217 467 2256 sua
485 2197 615 2256 interna
636 2194 784 2257 canalem
804 2199 972 2259 constitnit
990 2201 1100 2279 Petiti,

55 2286 104 2347 tbi
123 2284 302 2365 superficies
323 2308 382 2349 sua
402 2293 537 2349 exterior
557 2309 576 2348 a
594 2284 810 2367 processubus
831 2285 997 2372 obtegitur
1011 2293 1102 2355 cilis·

55 2380 154 2441 ribus.
201 2379 345 2459 Utraque
374 2382 462 2438 inter
486 2399 521 2439 se
549 2376 701 2441 cohaeret
727 2398 821 2457 pars,
854 2387 973 2460 partim
996 2391 1102 2447 mani.

57 2472 134 2530 festa
163 2469 297 2554 largiori
327 2470 392 2532 tela
421 2460 589 2543 cellulcsa,
625 2473 741 2549 purtim
771 2488 835 2550 ope
862 2477 985 2535 tenacis
1012 2475 1101 2540 illius

58 2563 211 2644 glutinis,
229 2564 324 2643 qnod
341 2566 531 2623 interiorem
552 2565 697 2643 corporis
718 2558 835 2621 cilisrit
853 2562 991 2637 faciem,
1025 2586 1101 2649 spe·

58 2659 102 2714 tie
118 2660 279 2739 pigmenti
298 2658 402 2737 nigri,
423 2646 577 2726 obducit,
597 2671 709 2731 neque
728 2669 806 2709 vero
826 2653 998 2716 vasculoso
1012 2673 1101 2717 nem

58 2747 131 2824 (vid.
163 2769 233 2828 cap.
258 2749 319 2825 4).
381 2744 484 2806 Simul
512 2741 649 2822 singulis
678 2745 825 2818 corporis
856 2740 972 2811 ciliurla
1005 2743 1100 2822 plicis

56 2841 186 2902 rouulw
215 2836 422 2916 respondent
448 2836 530 2895 sulci
556 2854 575 2893 a
601 2828 814 2911 processuum
840 2833 909 2910 ejus
934 2834 1099 2901 fasciculis

55 2930 132 3008 lacti.
166 2933 266 3012 Quae
288 2931 574 3009 utriusquepartis
595 2922 752 2986 adhaesio
769 2939 842 2985 non
861 2924 905 2985 ad
919 2942 1099 2991 extremum

54 3043 148 3104 usque
174 3042 393 3103 processuum
414 3020 571 3081 ciliarium
590 3023 753 3098 pertinet,
772 3018 834 3078 sed
853 3033 999 3085 centrum
1021 3044 1100 3104 cap.

54 3115 135 3176 sulae
175 3133 290 3175 versus
327 3117 429 3196 magis
464 3115 636 3191 magisque
670 3109 816 3185 laxatur,
853 3115 922 3173 imo
954 3128 1098 3178 extrema

54 3202 128 3267 baec
147 3226 364 3286 processuum
384 3203 541 3265 cilisrium
561 3221 622 3281 per
639 3221 740 3262 unam
758 3201 829 3267 fere
850 3201 972 3265 lineam
990 3202 1098 3267 libere

52 3298 244 3364 incumbunt
264 3294 423 3370 zonulue,
453 3312 487 3359 et
505 3300 554 3356 ite
572 3299 743 3357 anterioris
768 3294 866 3357 lentis
886 3300 1097 3360 convexitatis

53 3402 195 3452 centrum
224 3387 429 3452 circumdant
445 3389 484 3465 ²).
513 3417 553 3433 ·-
580 3387 718 3468 Jamque
745 3407 784 3447 ex
809 3387 981 3460 omnibns,
1010 3407 1098 3468 quae

50 3487 223 3562 proposui,
269 3485 345 3542 satis
380 3479 524 3559 patebit,
566 3494 672 3541 totum
707 3499 823 3559 corpus
853 3478 964 3539 ciliane
999 3478 1094 3542 nullo

51 3574 143 3637 modo
165 3596 241 3637 cnm
263 3592 400 3654 corpore
418 3578 521 3638 vitreo
536 3587 594 3635 aut
614 3592 689 3633 cum
706 3568 882 3650 hyaloides
901 3566 1098 3647 cohaerere:

81 3788 304 3871 1)Zi‚¹¹‚¹¹l⁰9·
321 3790 373 3845 cit.
388 3810 417 3864 p.
429 3802 525 3872 ¹⁹3·.·’
533 3754 653 3869 liguram
669 3784 727 3864 lerp
742 3786 1033 3869 exprimerenvitletur
1049 3788 1094 3844 iu·

113 3871 213 3938 testtnr
234 3858 297 3913 oolt
312 3854 381 3938 βιῳ
402 3858 519 3940 repleu,
545 3855 1026 3957 abgamenns‘longttudtnahbus
1049 3877 1095 3911 tn·

60 3926 747 4073 ¹„tegxnnpu‘prpevfplotgttplpsegnippgspflppnpppltg
756 3990 845 4046 multi
860 3991 919 4072 jans
935 4008 1094 4067 supposue-

106 4078 194 4126 runt‚
211 4064 338 4186 ilpgprtgm
354 4083 538 4138 processuum
554 4062 666 4118 lunone
681 4059 825 4137 capsubm
840 4057 1093 4118 lenus'attollencl

109 4147 162 4184 ant
180 4150 210 4185 re
275 4152 294 4184 n
314 4151 336 4188 1.

32 4228 36 4233 ¹
71 4246 167 4292 nimi
184 4250 279 4313 script.
286 4247 517 4312 ophthalmia.
530 4247 569 4315 1·⁴
701 4251 703 4255 ’
766 4306 774 4320 ,
801 4231 828 4291 Β
