2762 4960
486 130 504 157 Χ
581 152 583 156 ,

255 339 277 404 3
455 316 681 387 'Bararus
707 336 768 384 ne
792 331 1080 384 srarnmtru

255 512 404 562 naturam
425 498 652 558 accressitiern
671 494 864 572 spectaretis
883 493 929 571 ²),
962 490 1030 571 ejus
1052 508 1225 574 compages
1246 491 1290 553 ab

256 590 312 651 illa
332 587 572 672 hyaloidea'eet
584 588 727 654 retineas
750 599 817 644 tum
834 583 990 664 denique,
1011 578 1122 662 quoad
1142 582 1292 663 phaeno-

257 699 354 740 mena
384 679 451 755 ejus
479 676 641 739 morbosa.
680 678 764 737 Mira
793 690 919 748 autem,
948 669 1159 754 nequesatis
1183 674 1293 737 adhuc
1358 674 1359 679 ’

257 758 388 842 notata,
405 758 478 829 ‘etii‘
491 767 614 827 dudum
635 771 832 840 innotuerit,
855 767 1019 827 diversitas
1040 764 1204 826 videbitur
1223 788 1294 828 am-

258 859 376 920 borum
398 856 492 937 hujus
513 854 709 939 receptaculi
729 865 908 939 parietum,
937 878 1022 941 quae
1043 860 1125 935 tanti
1153 871 1201 918 est
1220 878 1296 920 mo·

258 942 378 1023 menti,
409 964 447 1010 ut
472 954 546 1010 satis
571 947 954 1012 habeantexcurauonis
985 952 1184 1028 antiquiores
1213 969 1294 1010 aua·

217 1068 220 1075 ³
252 1042 357 1116 tetih,
382 1048 452 1123 'qui-
467 1041 590 1101 lentem
616 1047 652 1101 in
674 1049 835 1105 anteriore
865 1054 990 1102 tantum
1014 1054 1107 1119 parte
1135 1034 1322 1119 peculiari

257 1132 448 1194 membrana
468 1147 586 1193 tectam
601 1152 671 1194 esse
688 1135 907 1215 opinabantur
923 1131 962 1211 2).
1001 1131 1133 1211 Quippe
1149 1138 1296 1195 anterior

263 1222 412 1303 capsulae
433 1224 547 1306 plaga,
564 1216 734 1298 crassitie,
762 1225 939 1297 densitate,
960 1228 992 1282 vi
1012 1222 1141 1283 elastica
1163 1239 1196 1285 et
1215 1225 1297 1291 soli.-

262 1315 361 1375 ditete
381 1319 596 1395 posteriorem
616 1317 753 1377 multum
767 1328 914 1397 superat,
938 1332 1034 1394 aegre
1055 1327 1179 1374 tantum
1191 1315 1299 1378 divel-

260 1405 286 1466 li
306 1421 430 1484 potest,
459 1404 609 1467 firmitate
637 1422 685 1467 est
703 1425 811 1486 paene
839 1404 969 1466 chartae
992 1420 1231 1486 pergamenae,
1262 1422 1303 1468 et³

261 1509 452 1560 structuram
480 1497 609 1560 exhibet
636 1486 739 1559 multo
767 1499 1003 1577 discrepantem
1030 1515 1049 1553 a
1070 1486 1227 1559 structura
1255 1498 1299 1559 il·

260 1587 343 1660 lius,
373 1607 458 1668 quae
488 1590 666 1653 subtilitate
694 1610 752 1651 sua
783 1593 883 1669 magis
915 1587 957 1647 ad
982 1587 1147 1670 vulgarem
1169 1591 1306 1652 accedit·

263 1677 453 1765 cellulosam
468 1683 511 1761 Ρ).
555 1683 649 1763 Quae
668 1694 833 1765 ,utraeque
860 1677 1050 1759 superficies·
1066 1696 1153 1766 non,
1181 1680 1238 1742 ubi
1260 1686 1299 1742 in

262 1776 402 1832 maximo
429 1768 526 1833 lentis
556 1760 691 1835 circuitu
712 1772 928 1857 collidamur,
961 1768 1042 1845 baec
1072 1769 1223 1832 attributa
1250 1776 1299 1833 ita
1358 1810 1359 1813 =

263 1858 453 1942 deponunt,
494 1877 532 1943 ut
561 1868 678 1925 sensim
707 1852 892 1947 sensimque
922 1881 960 1922 ea
988 1860 1119 1942 quidem
1147 1866 1233 1924 inter
1262 1882 1299 1923 se

263 1954 480 2028 commutent,
499 1951 624 2014 sedhic
640 1973 774 2035 quoque
791 1938 1005 2014 diversitatem
1020 1942 1201 2014 obtineant.
1238 1953 1299 2013 Ni·

263 2041 438 2105 hilominus
451 2056 558 2106 autem
571 2064 681 2105 verum
699 2041 852 2105 exhibent
866 2050 1067 2118 continuum,
1088 2062 1198 2124 neque
1216 2042 1298 2104 duas
1358 2038 1359 2045 '

196 2154 203 2169 t
264 2148 390 2195 tantum
416 2135 478 2198 sibi
502 2142 641 2219 invicem
664 2141 817 2197 immissas
845 2150 901 2196 aut
926 2134 1125 2197 condensata
1151 2133 1300 2196 substan·

263 2226 490 2305 tia‘cellulosa
510 2224 698 2305 conjunctas
723 2225 884 2307 sphaeras.
924 2226 1000 2305 Quo
1025 2230 1061 2285 in
1079 2226 1217 2287 maximo
1240 2231 1311 2286 cir:

265 2320 355 2377 cuitu
373 2321 482 2396 portio
502 2318 636 2399 quidem
653 2316 814 2398 posterior
834 2317 875 2378 ab
894 2312 1046 2378 anteriori
1065 2321 1208 2395 separari
1225 2333 1303 2398 pot·

263 2423 315 2470 'eat
332 2412 570 2482 maceratione,
590 2396 778 2488 praesertim
798 2416 834 2471 in
852 2398 936 2490 aqua
958 2407 1077 2475 calida,
1098 2426 1208 2467 verum
1228 2427 1302 2472 non

264 2503 328 2575 nisi
352 2500 453 2562 modo
475 2492 662 2580 inaequali,
694 2490 864 2582 nunquam
889 2506 1034 2583 margine
1060 2503 1105 2559 ita
1133 2498 1300 2575 distincto,
1351 2506 1356 2515 ‘

265 2594 314 2650 nti
346 2592 429 2655 aliae
459 2598 496 2654 in
525 2600 611 2653 statu
642 2588 782 2652 naturali
813 2590 1020 2654 cohaerentes
1052 2594 1201 2677 tunicae,
1245 2598 1301 2654 iris

265 2682 404 2763 exempli
424 2687 526 2766 gratis
552 2705 571 2744 a
592 2670 900 2766 ligamento‘riliari.
946 2685 1028 2745 Cum
1050 2687 1137 2742 enim
1158 2703 1303 2745 macera·

266 2775 359 2851 tione
387 2780 475 2851 prius
504 2772 686 2836 destruatur
713 2791 746 2835 et
772 2787 994 2854 corrumpatur
1020 2778 1129 2852 portio
1158 2781 1301 2851 tenuior,

268 2882 310 2924 eo
330 2856 455 2929 facilius
476 2885 494 2924 a
515 2856 667 2949 crassiori
681 2856 896 2942 abrumpitur,
918 2869 960 2929 ita
978 2878 1106 2938 tamen,
1119 2880 1155 2927 ut
1173 2886 1303 2947 semper

268 2950 388 3035 singuli
413 2954 482 3033 ejus
507 2953 638 3016 flocculi
657 2961 721 3015 sint
745 2957 865 3016 residui
890 2961 926 3015 in
946 2955 1045 3015 altera
1065 2971 1166 3035 parte.
1212 2958 1303 3019 Atta·

268 3051 346 3105 nien
367 3044 553 3125 hujusmodi
578 3048 747 3124 diversitas¹
768 3060 944 3106 structurae
966 3050 1001 3105 in
1027 3066 1094 3107 uno
1118 3046 1303 3128 eodemque

270 3155 395 3220 organo
416 3141 572 3201 contiuno
597 3155 759 3217 nusquam
780 3136 1049 3225 deprehenditur,
1078 3143 1230 3220 quocirca
1251 3138 1303 3201 bic

270 3288 592 3315 Ἣ

275 3368 514 3442 ·41)Ii,yal'oidea
534 3370 626 3424 multo
644 3370 758 3425 tenuior
774 3386 830 3433 est.
855 3372 951 3427 minus
971 3380 1062 3426 etitem
1083 3391 1166 3446 quam
1190 3373 1302 3448 capsula

341 3438 492 3519 reagentiis
506 3438 674 3512 quibusdam
690 3439 823 3494 chemicis
841 3439 969 3498 afficitur.
988 3441 1097 3495 scilicet
1114 3442 1217 3517 spiritu
1228 3442 1302 3495 vini.

275 3512 290 3530 ·’
308 3505 585 3575 2)Ut1(ialertus
609 3508 642 3563 de
660 3525 711 3560 usu
749 3508 852 3562 artium
870 3510 908 3563 X.
930 3508 1039 3581 Caph.
1073 3508 1246 3565 Vesalius
1270 3508 1302 3562 de

293 3584 299 3593 ’
342 3589 419 3649 corp.
434 3574 514 3628 hum.
529 3574 625 3629 fabric.
644 3576 679 3631 L.
686 3528 767 3634 Vll'l.
784 3589 901 3652 cap.13.
917 3604 953 3633 ··.·
977 3576 1151 3630 Steuonis
1168 3575 1302 3683 hipolog.

309 3654 692 3792 {)⁸tfdiibttiie¹iir‘terioais
714 3710 840 3785 capsulae
863 3707 1021 3792 suprihoiei
1045 3674 1191 3773 multiad
1206 3672 1303 3780 ,filpsm

301 3843 306 3850 Ι
343 3775 474 3848 perducti
497 3793 563 3831 sunt
586 3796 767 3859 opinionem,
797 3779 1056 3874 esmsendinosam
1077 3780 1305 3903 esssqexgsnslo·

344 3844 796 3995 hirpiifiilffii,iiiiii
813 3844 1194 3989 llii'g'ii'ssii‘iili‘
1212 3863 1304 3995 ilfi:

344 3978 413 4053 Cap.
426 3993 487 4047 232.
501 4008 504 4014 Δ
521 3983 712 4060 §aratorius
730 3982 879 4038 observat.
892 3997 964 4036 anat.
976 4002 1048 4062 ¹cap.
1062 3992 1088 4048 4.
1106 4002 1134 4037 n.
1148 3992 1174 4049 4.
1197 3999 1224 4037 et
1244 3999 1305 4057 ipss

345 4047 586 4123 Morgagurtts
606 4049 752 4106 Adversas.
770 4065 841 4105 anat.
854 4053 905 4111 Vl.
927 4051 1122 4106 Animadvers.
1135 4065 1179 4121 7⁰·
1194 4070 1224 4126 p.
1236 4067 1279 4124 φ.
