2728 4960
223 408 413 480 Jancna
443 420 509 489 *oa
542 413 948 468 anaarourxroa.
1030 398 1097 477 165

403 611 650 672 Observatio
688 611 753 670 XI.

19 806 20 829 χ
135 740 246 803 Huber
265 740 377 799 Frauc.
397 740 570 808 novennis,
590 735 753 808 robustus,
775 732 871 796 oculo
891 734 1024 793 sinistro·
1040 749 1099 813 gea

19 864 21 899 t
72 835 223 897 latinosam
243 852 305 911 per
325 843 515 889 cataractam
535 826 760 888 lenticularem
786 829 860 887 luce
889 839 1018 903 captus,
1049 831 1094 892 15.

19 944 20 1019 ᾗ
73 926 149 985 Febr.
170 924 238 995 ¹1811
261 921 387 1001 pupilla
414 918 551 979 multum
579 918 747 997 ampliata,
778 915 908 995 capsula
936 929 1093 977 consueto

73 1023 269 1077 instrumento
291 1015 438 1084 discissa,
477 1029 541 1070 uec
566 1008 732 1092 phlogosis
758 1028 820 1068 nec
839 1007 913 1066 mali
936 1008 1094 1066 alteratio.

74 1108 144 1167 Hinc
170 1106 317 1167 kalendis
337 1107 447 1166 Martii
473 1105 621 1179 operatio
647 1115 812 1160 renovata.
864 1098 909 1157 Ex
937 1094 998 1154 hac
1023 1095 1094 1159 lens

19 1206 20 1211 ’
74 1199 178 1272 soluta,
206 1195 337 1276 capsula
356 1215 433 1255 vero
454 1193 592 1253 obscura
611 1191 766 1272 pupillam
783 1185 974 1269 praecludit.
1005 1184 1096 1243 Haec

76 1298 122 1358 15.¹
137 1289 278 1366 ejusdem
303 1307 347 1344 m.
375 1284 547 1363 aliquoties
574 1286 741 1364 depressa,
776 1285 870 1339 toties
888 1274 1094 1357 resurgebat,

73 1378 263 1439 inferioribus
291 1375 454 1457 repagulis
490 1397 560 1437 non
585 1371 766 1435 liberanda.
806 1369 923 1428 'Facta
957 1382 1096 1446 eaprop·
1135 1408 1139 1429 .·

75 1484 115 1528 ter
136 1486 316 1548 puncturae
342 1473 377 1527 in
407 1487 524 1527 cornea
546 1467 679 1535 cultello
705 1458 882 1524 cataractae
906 1478 1016 1528 sacro,
1047 1455 1101 1514 ‹ii-⁴

75 1559 231 1634 lactatione,
267 1556 400 1618 hamulo
431 1556 553 1617 extrahi
572 1572 705 1617 tentata.
755 1550 892 1612 Uncello
912 1550 977 1627 jam
996 1550 1095 1607 mari·

75 1672 117 1711 ma
133 1673 198 1711 cum
220 1651 370 1730 capsulae
390 1664 482 1728 parta
503 1663 589 1708 extra
609 1648 740 1708 oculum
751 1656 923 1723 protracto,
943 1639 1023 1699 haec
1043 1658 1096 1697 su·

77 1740 132 1803 bito
147 1756 239 1821 rupta
260 1743 427 1802 celerrime
449 1738 631 1800 retrahitur.
669 1735 844 1799 Probabile
866 1732 918 1793 hic
938 1746 996 1802 est,
1018 1728 1096 1810 hya.

30 1882 33 1893 .
75 1832 165 1894 loidaa
183 1855 242 1913 per
262 1838 446 1894 tensionem
465 1833 614 1893 lacerata
631 1851 746 1910 corpus
773 1830 908 1886 vitreum
936 1821 1095 1900 pupillam

75 1926 202 2000 subiisse,
222 1920 352 2002 hocque
373 1924 537 2001 capsulam
556 1923 740 2001 depressam
760 1920 866 1978 fuisse.
907 1915 998 1983 Haec
1020 1911 1101 1970 sub-=

75 2032 167 2077 secuta
185 2016 363 2097 phlogosis,
385 2035 458 2074 cum
477 2029 617 2084 tumore,
642 2027 674 2071 et
695 2023 788 2069 aucta
801 2010 887 2065 muci
899 2006 1102 2073 secretione,-

76 2107 176 2188 quibus
193 2109 332 2168 feliciter
352 2111 465 2167 amotis
488 2103 613 2182 pupilla
631 2119 757 2171 serena,
779 2114 826 2157 ast
844 2099 897 2155 iris
909 2091 1095 2163 immobilis,

76 2200 238 2261 cicatricula
265 2197 448 2262 vulnusculi
473 2195 603 2277 plagam
628 2197 664 2254 in
693 2208 814 2252 cornea
847 2200 983 2258 notans,
1011 2188 1106 2244 uisus·

74 2293 237 2354 mediocris.
308 2314 318 2325 ·

264 2513 270 2520 -
297 2505 302 2510 ·
391 2464 641 2529 Observatio
679 2464 763 2521 XII.

135 2593 309 2660 Schuwirth
328 2592 484 2674 Josepha,
507 2590 680 2657 decennis,
707 2580 1032 2662 leucophlegmatica,
1052 2575 1107 2657 ob*

26 2762 31 2775 ‚
72 2687 188 2751 fluidam
207 2693 376 2767 utriusque
395 2683 481 2745 oculi
498 2693 687 2738 cataractam
699 2668 1097 2748 lenticulari-capsularem

19 2772 21 2779 '
73 2789 260 2843 a'nativitate
281 2772 546 2846 coeca''5.'Febr.
574 2762 647 2840 1812
675 2765 829 2846 capsulis'
839 2782 900 2820 acu
924 2758 1096 2837 perforatis

71 2872 183 2949 proflua
201 2869 421 2931 lens'laticem
441 2876 597 2944 aquosum
619 2858 768 2927 turbavit,
793 2873 857 2935 quo
875 2866 951 2932 post
970 2849 1097 2930 aliquot

73 2963 127 3026 dies
148 2967 256 3025 denuo
276 2959 424 3038 limpido,
447 2953 674 3033 capsulae'jam
689 2963 763 3009 ante
778 2949 1005 3024 operationem
1021 2939 1097 2999 hinc
1179 2963 1192 2983 s

73 3072 98 3114 ct
120 3056 195 3116 inda
222 3070 344 3133 opacae
371 3027 556 3127 punctatad
577 3047 747 3123 pristinum
774 3038 882 3098 locum
909 3032 1097 3096 obsidentes

71 3147 213 3225 pupillam
232 3145 298 3203 luci
326 3144 514 3218 imperviam
540 3135 680 3199 reddere
711 3135 808 3204 visae.
845 3127 910 3186 Die
935 3146 964 3196 7.
992 3123 1094 3204 april.

72 3236 196 3315 deprimi
216 3236 379 3307 decretae,
398 3232 433 3291 id
452 3251 529 3290 vero
542 3232 669 3288 sinistro
689 3230 724 3284 in
744 3220 854 3292 oculo,
876 3239 914 3278 ex
930 3236 984 3287 ec,
1004 3213 1097 3294 quod

71 3330 189 3409 capsula
215 3327 319 3389 solum
351 3322 495 3404 partibus
522 3312 739 3398 superioribus
773 3311 913 3390 disjungi
940 3309 1095 3386 potuerit,

69 3426 241 3481 noncessit
266 3432 353 3478 voto.
404 3414 612 3491 Quare·eam
641 3423 780 3467 corneae
799 3420 858 3479 per
893 3394 1096 3456 caedendum

70 3512 174 3572 vulnus
201 3507 367 3572 extrahere
393 3517 586 3582 susceptum.
614 3519 660 3556 20.
684 3494 783 3566 Maji,
817 3488 920 3547 libera
947 3483 1095 3563 capsulae

68 3600 211 3664 sinistrae‘
223 3623 296 3682 para
317 3597 481 3659 hamulum
500 3595 661 3671 morigera
680 3580 894 3663 sequebatur,
922 3575 1030 3635 donec
1048 3578 1098 3631 in·

69 3697 215 3756 termedie
235 3700 294 3774 per
312 3705 427 3770 partes¹
441 3686 573 3745 firmiter
598 3677 829 3744 adhaerentes,
861 3673 1022 3729 connexis
1045 3661 1097 3723 vel

71 3788 212 3866 capsulae
246 3784 299 3844 vel
332 3779 524 3864 hyaloideae
556 3771 741 3849 tensissimis
776 3761 959 3821 cadendum
1000 3759 1094 3824 foret,

69 3880 139 3938 tunc
165 3892 329 3959 postrema
354 3885 448 3949 rupta
457 3886 477 3942 ,·
500 3867 556 3928 illa
589 3861 754 3924 hamulum
777 3869 913 3933 repente
940 3851 1096 3916 deserum

68 3966 290 4029 considerabili
318 3965 462 4040 corporis
487 3958 701 4035 vitrei‘copia
732 3966 871 4010 corneae
896 3964 956 4023 per
980 3940 1096 4001 vulnus

67 4062 207 4138 prolusa;
228 4057 348 4119 bulbus
362 4053 446 4112 ‘hinc
469 4054 531 4110 cito
552 4042 743 4128 deligandus
765 4042 836 4101 fuit.
879 4036 991 4095 Dextri
1011 4022 1112 4093 oculi

70 4153 194 4231 capsula
218 4153 290 4229 capi
309 4136 483 4225 nequiens,
503 4128 671 4214 discerpta·
691 4134 813 4199 Bulbus
832 4120 1097 4210 uterqueuxinde
