2728 4960
256 402 328 495 ,196
446 393 571 464 Hom
603 405 669 460 nr·
703 398 960 459 uersutasr
986 366 1098 448 'aare

256 579 407 645 intentis,
435 568 505 631 lieri
529 582 599 630 non
624 567 750 646 potuit,
774 564 856 643 quin
875 565 952 637 ‘ipsa
972 552 1105 617 morbus
1126 550 1303 616 amedicis

256 672 299 744 ad
324 684 495 729 numerum
521 655 749 720 insanabilium
776 653 990 730 redigeretur.
1037 645 1140 724 Quod
1163 656 1302 722 postero

247 776 405 838 ‘tempore
426 767 575 832 exparte
597 753 671 808 artis
691 746 837 806 medicae
853 745 973 802 factum
994 751 1052 810 est,
1074 740 1158 795 circa
1180 754 1219 794 ea
1232 752 1305 793 ver-r

255 851 398 923 sabatur,
419 859 455 902 ut
474 849 509 904 in
527 843 677 902 levamen
695 836 808 897 saltem
828 831 968 914 aliquod·
980 829 1096 891 horum
1108 831 1305 887 miserorum

257 942 332 1012 cilia
351 954 479 1014 semper
498 933 608 992 denuo
628 929 831 989 renascentia
852 923 1086 992 evellerentur,
1116 933 1151 979 et
1175 914 1221 976 ad
1241 912 1307 975 hoc

255 1033 378 1097 malum
392 1022 626 1108 perferendum
647 1024 771 1079 animus
792 1015 880 1075 dulci
906 1036 964 1095 spe
992 1016 1192 1094 erigeretur,
1231 1005 1307 1066 fore

257 1124 405 1195 tandem,
423 1133 461 1178 ut
479 1115 633 1176 facultate
646 1111 720 1173 cilia
733 1103 977 1189 progenerandi
992 1107 1132 1163 extincta
1151 1121 1170 1160 a
1185 1097 1308 1159 morbo

259 1236 367 1297 seque
394 1215 528 1273 exitioso
560 1226 597 1265 ac
622 1198 795 1264 dolosifico
820 1190 1027 1257 liberentur.·‘
1058 1194 1116 1253 Fr.
1134 1192 1152 1251 J
1159 1209 1307 1270 aeger,

259 1314 313 1377 cui
340 1305 495 1384 frequens
522 1300 652 1359 occasio
675 1308 830 1371 magnum
857 1306 1027 1353 numerum
1053 1281 1121 1349 hoc
1137 1280 1230 1345 malo
1251 1279 1308 1338 ad·

259 1402 441 1468 factorum,
474 1389 635 1467 simulque
661 1380 924 1453 insufficientiam
949 1378 1097 1438 omnium
1127 1389 1163 1434 et
1186 1373 1311 1437 nestris

259 1492 375 1565 diebus
394 1483 653 1568 praedicatarum
671 1475 848 1535 sanationis
868 1467 1099 1532 methodorum
1127 1464 1311 1527 observan-

259 1586 295 1647 di
323 1581 432 1644 oblata
452 1578 533 1645 fuit,
559 1571 688 1637 miseria
712 1578 763 1624 tot
787 1561 969 1625 infelicium
994 1573 1175 1622 commotus
1203 1557 1312 1618 soler-

258 1679 381 1741 tissime
406 1665 551 1743 intendit
570 1659 614 1720 ad
639 1677 678 1718 ea
704 1654 851 1717 remedia
870 1669 903 1714 et
929 1656 1106 1715 sanationis
1124 1655 1193 1713 vias
1215 1654 1309 1713 inve-

260 1762 446 1849 stigandas,
470 1752 588 1838 quibus
610 1763 646 1812 et
662 1745 736 1807 huic
754 1745 870 1806 morbo
892 1742 1151 1823 occurri'pdssit3
1164 1761 1242 1821 'nec
1262 1741 1313 1803 la·

258 1858 323 1920 bor
341 1857 447 1925 inanis
473 1844 608 1911 recidite
636 1858 714 1903 ,nam
740 1857 853 1899 revera
871 1837 920 1898 illi
940 1839 1087 1916 contigit,
1107 1839 1306 1914 operatione

259 1948 440 2028 chirurgica
459 1956 525 2000 tarn
544 1930 730 2011 simplieiter
745 1936 924 2012 excogitata
945 1947 1044 2008 quam
1057 1941 1147 1998 tuto,
1167 1940 1203 1987 et
1221 1944 1306 1985 sem·

171 2113 175 2117 ⁴
258 2061 320 2121 per
338 2040 463 2117 optimo
484 2049 557 2089 cum
578 2021 698 2085 effectu
716 2022 837 2086 morbis
858 2020 934 2080 alias
951 2016 1189 2079 insanabilibus
1197 2032 1307 2095 oppo-

257 2132 390 2202 nenda,
410 2143 480 2185 non
499 2118 605 2186 solum
624 2114 710 2172 mala
727 2118 899 2173 innumera
919 2109 1035 2172 horum
1056 2108 1239 2171 infelicium
1259 2107 1307 2166 le·

257 2228 350 2301 nire,
376 2213 436 2275 sed
456 2215 553 2271 etiam
571 2202 680 2263 morbi
698 2208 901 2273 sanationem
920 2202 1112 2271 radicalem,
1132 2203 1307 2278 superstite

245 2306 503 2391 palpebrarum,
522 2317 585 2359 nec
603 2313 675 2356 non
693 2295 781 2355 oculi
795 2295 1003 2355 functionum
1012 2295 1212 2375 integritate,
1230 2308 1308 2369 pro·

260 2401 392 2463 ducere.
721 2408 723 2413 ’
845 2380 848 2387 ’
933 2406 936 2412 ’
1133 2436 1136 2441 .

283 2546 287 2568 ι
339 2488 432 2555 Haec
453 2479 652 2562 operationis
676 2474 866 2551 methodus,
888 2477 987 2554 ¹cujus
1012 2481 1216 2543 mentionem
1239 2473 1307 2552 jam

259 2587 339 2648 fecit
359 2578 422 2640 clb.
443 2577 548 2636 Beer
566 2576 602 2631 in
621 2568 770 2629 doctrina
791 2568 832 2627 de
843 2568 965 2629 morbis
979 2569 1103 2631 oculor.
1122 2568 1164 2628 T.
1173 2565 1217 2627 11.
1229 2585 1308 2647 pag·

257 2686 333 2751 258,
354 2687 396 2734 vet
424 2684 523 2750 quam
541 2663 682 2738 suscepit
708 2678 745 2717 ac
765 2660 935 2737 descripsit
960 2660 1073 2741 Zang
1097 2663 1137 2721 in
1155 2658 1305 2719 domrina

259 2771 302 2833 dp
318 2776 445 2847 operat.
461 2755 600 2836 rhirurg.
621 2751 767 2812 editione
788 2750 889 2811 altera
907 2751 945 2811 T.
961 2752 1002 2813 Π.
1015 2771 1092 2834 pag,
1108 2752 1174 2824 106,
1193 2751 1307 2809 inniti.
1358 2744 1359 2755 ¹

258 2876 313 2931 tur
332 2874 398 2928 tam
416 2854 520 2930 justae
542 2845 691 2921 diagnosi
710 2839 817 2899 morbi
837 2839 949 2918 quoad
974 2839 1121 2902 indolem
1143 2856 1176 2902 et
1195 2854 1306 2900 exten·

258 2956 398 3017 sionem,
420 2958 518 3022 quarn
538 2937 600 3014 ipsi
620 2931 772 3011 dignitati
791 2935 992 2995 anatomicae
1015 2945 1048 2990 et
1060 2930 1305 3013 physiologicas

258 3040 375 3120 organi
394 3028 638 3104 affecti;.quam
659 3022 790 3089 obrem
810 3023 932 3084 utilitas
953 3026 1190 3101 etpraestasrtia
1211 3019 1305 3099 hujus

256 3125 435 3190 sanationis
455 3116 615 3189 methodi,
636 3116 732 3187 sicuti
750 3115 921 3191 principia,
942 3111 1064 3192 quibua
1075 3126 1305 3193 superstructa,

256 3223 425 3289 immutata
450 3206 613 3283 manebit3
651 3205 728 3264 licet
757 3218 790 3263 et
815 3201 877 3264 hac
903 3210 1097 3284 operatione
1120 3204 1170 3264 nil
1197 3201 1306 3273 aliud,

254 3314 320 3374 nisi
338 3305 485 3367 ciliorum
509 3301 694 3376 exstirpatio
721 3308 882 3368 tentetur,
914 3316 1011 3377 quarn
1037 3310 1073 3357 et
1099 3294 1156 3357 alii
1181 3290 1307 3353 medici

257 3401 326 3467 aliis
346 3391 528 3457 rationibus
551 3404 583 3449 et
600 3387 734 3463 mediis,
765 3401 813 3447 ast
830 3390 1012 3459 incassum,
1041 3383 1305 3466 producerem·

255 3496 326 3556 nati
345 3492 468 3569 suntrs
1123 3547 1128 3557 ,

292 3644 298 3653 ‚
331 3578 416 3640 Cam
442 3576 524 3651 haec
550 3575 717 3655 operatio,
744 3589 934 3652 praegressa
961 3568 1122 3650 diligente
1148 3570 1314 3633 exercita.

253 3678 343 3744 tione
362 3676 399 3733 in
419 3664 646 3739 cadaveribus,
673 3661 798 3742 abique
817 3683 942 3723 summa
968 3683 1044 3725 cum
1070 3663 1244 3731 securitate
1270 3670 1305 3718 er

258 3762 454 3861 certitudine
474 3773 608 3829 eventus
626 3757 737 3829 felicis}
754 3758 881 3819 institui
899 3756 1022 3832 possit,
1052 3766 1086 3817 et
1105 3766 1171 3815 tarn
1192 3763 1306 3817 exten·

252 3860 371 3930 sionis,
403 3872 501 3932 quam
534 3850 727 3910 intensionis
761 3842 896 3911 effectus
930 3864 1059 3923 semper,
1086 3864 1105 3905 a
1131 3841 1326 3905 voluntate,

251 3947 373 4005 mediet
395 3940 622 4022 dependeant:
648 3957 724 4007 cum
742 3957 839 4015 porro
859 3935 1020 3997 mutilatio
1049 3950 1084 3997 et
1107 3932 1311 4016 defigeretis.

252 4032 483 4115 palpebrarum
502 4029 563 4091 hac
581 4032 776 4110 operatione
795 4028 930 4090 inducta
957 4027 1042 4091 adeo
1068 4025 1303 4091 immensiter

252 4131 344 4210 parri
361 4126 519 4201 sareptensi
537 4126 596 4196 sit,
623 4137 662 4195 ut
679 4122 863 4191 formositas
881 4121 978 4189 faciet
997 4139 1137 4200 perum„
1152 4130 1210 4181 aut
1226 4114 1300 4183 lere
1324 4132 1327 4141 ·
1356 4170 1359 4193 <
