2728 4960
310 1136 835 1211 PRAEFATIO.

459 1360 685 1396 *r—-n-n-b-v

69 1510 129 1626 Ex
146 1572 302 1632 immensa
320 1569 504 1632 medicinae
524 1577 670 1636 vastitate
683 1574 815 1638 morbos
836 1572 1090 1659 qfiotdem'ocn·

71 1659 177 1736 1111111,
196 1659 349 1723 morbosa
369 1665 525 1741 imprimis
543 1665 668 1726 formae
688 1669 869 1726 mutatione
883 1672 1089 1747 conspicuos,

71 1776 120 1834 pro
136 1776 225 1817 11111
247 1754 478 1816 dissertationis
499 1755 630 1833 objecto
650 1778 777 1820 sumere
799 1764 900 1819 visum
922 1775 979 1820 111.
1015 1774 1020 1783 ’

132 1900 242 1973 Oculi,
263 1897 499 1959 nobilissimum
519 1906 589 1961 sine
608 1901 709 1962 dubio
726 1905 868 1982 corporis
888 1899 1022 1965 humani
1039 1923 1091 1962 or·

70 2009 180 2070 ganon,
201 2010 273 2052 non
287 2005 411 2050 tantum
428 1989 471 2052 ob
489 2013 646 2053 summam
664 1993 934 2066 teneritudinem,
954 2008 1090 2053 structu-

68 2101 125 2140 ram
137 2080 442 2156 artificiosissimam,
461 2104 580 2145 nexum
601 2107 673 2145 cum
695 2083 763 2144 11111
786 2088 914 2173 organis
935 2085 1092 2164 multipli-

71 2190 145 2245 cem,
161 2173 218 2234 sed
240 2193 339 2253 quam
359 2179 495 2235 maxime
517 2174 560 2236 ob
581 2181 676 2237 situm
697 2171 935 2255 periphericnm
955 2171 1091 2235 influxui

68 2268 155 2323 omnis
173 2269 301 2348 generis
317 2270 536 2343 potentiarum
551 2271 743 2327 nocentium
758 2280 979 2347 exponuntur:
1001 2265 1091 2326 unde

68 2366 143 2419 tanta
165 2355 356 2433 morborum
382 2356 564 2436 pullulabat
589 2358 778 2419 multitudo.
824 2358 945 2417 Verum
975 2356 1090 2418 eadem

67 2442 112 2504 illa
126 2447 293 2507 oculorum
311 2452 348 2507 iu
366 2447 550 2526 peripheria
565 2455 709 2529 corporis
727 2451 900 2510 collocatio
916 2445 1091 2526 plurimum

70 2542 149 2598 etiam
169 2541 211 2600 ad
227 2559 286 2600 eor
307 2539 547 2601 conservandos
566 2540 762 2610 contribuit,
781 2538 1002 2601 remediorum
1023 2560 1093 2599 me·

69 2626 199 2689 dicornm
215 2651 253 2689 ac
269 2627 522 2709 chirurgicorum
542 2629 790 2708 applicationem
807 2629 960 2705 facillime
976 2629 1091 2689 admit-

68 2731 141 2794 tens,
168 2743 234 2802 quo
257 2719 310 2793 fit,
337 2719 618 2783 utadmirandutn
636 2740 735 2802 saepe
755 2721 886 2792 solertia
909 2719 983 2779 artis
1004 2721 1091 2780 auxi-

66 2807 131 2871 lium
150 2827 314 2893 praestare
335 2811 451 2874 valeat.
657 2804 661 2807 l

127 2955 259 3017 Interim
283 2975 478 3035 quamquam
505 2956 704 3036 stupendos,
732 2958 883 3035 proximis
901 2957 1091 3033 praesertim

68 3046 271 3125 temporibus,
293 3067 341 3106 ars
356 3046 636 3126 ophthalmiatrica
655 3068 842 3131 progressus
858 3046 990 3119 fecerit,
1012 3058 1091 3103 atta-

67 3154 129 3196 men
144 3134 314 3198 fatendum
335 3151 398 3196 est:
418 3159 516 3219 saepe
537 3144 739 3202 sanationem
754 3132 922 3219 ipsorum,
947 3138 1003 3217 qui
1017 3156 1091 3216 par·

68 3240 105 3288 tes
119 3229 224 3290 oculos
242 3232 409 3310 cingentes
426 3246 604 3312 occupant,
624 3229 813 3291 morborum
829 3232 979 3312 ignorari.

130 3373 208 3451 Quis
228 3376 350 3445 nescit,
373 3390 454 3453 quot
469 3380 689 3454 experimenta
708 3388 821 3433 contra
837 3370 1017 3440 trichiasin,
1042 3368 1091 3428 di-

68 3458 214 3526 stichiasin
221 3507 233 3538 ,
256 3472 440 3545 eutropium
455 3482 487 3526 et
501 3470 625 3546 magnis
642 3463 774 3544 quidem
789 3483 955 3543 aegrorum
970 3459 1092 3519 dolori·

67 3552 115 3615 bus
123 3599 132 3631 ,
151 3557 208 3617 sed
223 3561 405 3634 saepissime
421 3558 513 3619 nullo
524 3557 613 3616 felici
625 3541 773 3616 11111111
787 3556 910 3614 fuerint
922 3549 1089 3613 instituta?

69 3643 276 3722 Quamobrem
300 3644 388 3706 haud
409 3649 522 3709 videor
542 3653 674 3707 inanem
692 3664 825 3721 operam
848 3643 955 3715 abuti,
976 3646 1001 3701 si
1022 3662 1090 3701 me·

69 3734 190 3800 thodnm
212 3739 353 3818 aliquam
371 3744 568 3819 operationis
584 3740 724 3801 docuero
741 3756 812 3797 non
827 3734 960 3817 quidem
978 3751 1089 3791 recen·

68 3841 109 3889 ter
125 3835 286 3893 inventam
296 3872 307 3902 ,
334 3832 393 3893 sed
415 3855 433 3893 a
453 3833 532 3893 Dre.
553 3830 570 3888 J
578 3850 727 3913 aegero
748 3835 793 3889 111
814 3825 1036 3897 emendatam,
1056 3837 1093 3883 ut

67 3923 96 3980 in
113 3927 386 4002 pertinacissimis,
408 3946 445 3985 ac
467 3943 578 3987 omnes
595 3944 692 4002 saepe
713 3929 787 3983 artis
809 3934 942 3985 conatus
957 3916 1092 3976 eluden-

68 4004 142 4074 tibnr
168 4015 258 4075 malis
287 4035 360 4076 curn
386 4036 536 4078 successu
559 4021 697 4078 maximo
723 4015 884 4089 adhibita,
910 4029 1015 4071 novae
1037 4007 1092 4067 de·

68 4113 204 4172 tectionis
223 4107 357 4172 laudem
378 4123 527 4192 superet,
553 4114 579 4172 ai
600 4109 732 4192 quidem
754 4112 887 4173 minoris
911 4116 958 4164 est
978 4097 1093 4160 inutile
