2722 4956
201 340 379 403 Scauros
398 352 447 400 oe
467 353 674 415 senensem
700 354 749 397 nr
771 339 978 405 asesosm.
1046 338 1111 403 affl
1135 326 1137 333 '
1255 372 1261 405 l

44 496 146 559 'cum
166 499 244 557 enim
264 497 303 555 sd
321 498 422 573 pliona,
436 494 578 557 uticum
597 495 769 561 mondum
790 495 905 573 forceps
926 505 1111 559 removemur
1172 486 1174 492 ’

67 617 132 656 non
152 614 273 656 necesse
293 595 352 669 sit,
371 594 501 653 medicus
522 596 613 657 etism
633 596 742 655 certior
762 594 880 667 evafflt,
904 597 1110 671 quantaeuis

67 698 119 754 sel
138 694 404 753 imminuends‘sel
423 692 557 773 ungenda
575 694 626 753 sit.
669 690 783 753 Deinde
804 691 878 763 haec
897 692 1012 770 tempe
1032 695 1112 753 inter

69 804 185 851 ceteras
215 813 249 849 co
279 793 414 865 excellit,
444 790 522 866 quod
550 791 645 866 portio
674 793 751 851 eutis
771 800 889 866 arrepta
908 792 1037 867 portioni
1059 809 1111 849 ex·

68 890 248 949 scindendae
268 891 372 951 stricte
393 891 565 950 consentiat.
615 886 692 949 Nam
712 888 819 949 finibus
839 890 978 953 convexis
999 891 1110 949 instru-
1162 942 1164 945 .

69 999 121 1047 cta
141 987 210 1046 huic
231 989 321 1047 etiam
342 987 506 1063 satisfecit3
533 1005 608 1063 quea
634 998 732 1066 partes
761 997 908 1051 extremae
929 1003 1044 1065 quoque
1064 989 1111 1045 in-

71 1096 234 1145 strumento
257 1085 396 1145 caedente
416 1088 459 1143 nil
480 1085 629 1165 oinciunt.
666 1085 801 1162 Denique
822 1084 895 1143 haec
912 1086 1028 1162 forceps
1048 1104 1110 1143 me·
1218 1114 1220 1119 ·

72 1185 138 1243 dico
157 1187 253 1261 perito
273 1186 305 1241 in
324 1185 412 1241 nullm
434 1186 611 1262 operationis
632 1186 787 1245 momentis
810 1183 916 1249 obstat.
1020 1194 1033 1205 ’“

157 1279 243 1341 Nune
272 1281 308 1339 de
335 1283 548 1343 committendis
574 1285 704 1343 vulneris
732 1285 791 1347 oris
823 1284 963 1343 nonnulla
993 1300 1113 1340 monere

70 1382 167 1437 liceat.
210 1377 275 1436 Hoc
293 1381 325 1436 in
338 1388 483 1473 momento
501 1383 678 1458 operationis
696 1392 830 1439 auctores
849 1366 927 1439 inter
948 1401 981 1440 se
999 1382 1112 1440 dissen-

72 1487 183 1538 serunt.
228 1475 380 1551 Celsus,
401 1479 552 1553 Aetius,
567 1477 747 1559 Rhosos,
769 1480 1002 1555 droulanus,
1023 1479 1111 1538 Bar-

5 1608 6 1615 *
73 1573 189 1650 tisch,
216 1574 413 1653 Varduyn,
441 1573 538 1651 Rau,
573 1576 746 1652 Heister,
783 1575 835 1638 St.
862 1576 981 1653 Yves,
1007 1577 1110 1652 Beer,

72 1673 211 1751 Himly,
233 1671 483 1753 Langenbeck
505 1675 542 1735 ad
563 1678 733 1734 nonnionem
752 1677 960 1757 perficiendam
979 1688 1111 1736 suturam

73 1781 225 1832 cruentam
246 1772 528 1833 commendaverunt.
572 1775 805 1850 emanaturas,
838 1777 863 1833 si
883 1778 915 1855 in
934 1774 981 1834 his
1003 1778 1112 1836 suturis

73 1870 251 1948 applicandis
273 1871 443 1956 diocedunt,
471 1873 650 1931 solummodo
670 1876 703 1931 in
724 1892 844 1949 numero
865 1884 1051 1950 suturarum,
1080 1877 1112 1932 in

72 1969 231 2027 earundem
252 1971 445 2044 applicatione
465 1971 539 2046 ipsa,
560 1973 664 2028 autin
685 1971 805 2044 acubus,
827 1972 931 2049 quibus
952 1971 1033 2030 filum
1050 1983 1112 2029 tra-

68 2070 190 2146 jicitur,
214 2072 264 2125 aut
284 2069 316 2124 in
336 2067 412 2141 filis,
432 2085 492 2142 ,qua
512 2069 626 2126 ratione
648 2068 855 2143 conficiendis,
879 2079 909 2127 et
929 2089 946 2125 e
970 2071 1028 2145 qua
1048 2088 1113 2126 ma·

70 2169 147 2226 teria
166 2166 385 2240 construendis,
417 2164 581 2223 differentia
601 2168 696 2241 posita
717 2177 771 2229 est.
815 2168 873 2225 Alii
896 2177 1009 2241 autem,
1034 2170 1112 2225 inter

72 2283 145 2342 quos
168 2263 363 2337 Gendron,
385 2262 517 2336 Junin,
539 2262 570 2325 C.
593 2262 691 2337 Bell,
713 2247 857 2344 Scarpa
878 2268 1033 2325 memorari
1049 2286 1111 2326 me-

69 2374 185 2437 rentur,
207 2372 339 2423 suturam
361 2353 813 2439 cruentam'coudemnaverunt,
838 2375 869 2441 ct
889 2368 1112 2441 emplastrorum

67 2462 294 2522 adhaerivorum
315 2479 387 2537 ope,
415 2480 467 2538 per
489 2469 628 2518 suturam¹
642 2464 767 2534 siccam,
797 2480 872 2537 quae
893 2464 1016 2536 dicitur,
1042 2484 1111 2524 rcu-

66 2558 188 2621 nlonem
209 2561 355 2617 cenationi
372 2560 514 2635 aptiorem
530 2558 609 2616 effici
623 2558 837 2636 judicaverunt.
881 2558 1022 2637 Scarpa
1043 2541 1113 2638 perss

66 2658 165 2735 hibet,
186 2668 289 2715 sutura
309 2668 433 2715 cruenta
453 2655 583 2715 adhiblta
604 2659 771 2715 cicatricem
791 2660 823 2716 in
841 2661 958 2739 longius
974 2660 1111 2736 proferri,

67 2771 102 2818 et
130 2755 386 2816 inflammationem
411 2754 657 2814 vehementiorem
685 2757 860 2831 succedere,
893 2775 951 2833 qua
976 2761 1112 2838 ingressa

65 2877 129 2918 non
152 2858 245 2915 solum
266 2857 368 2913 oculus
389 2853 545 2911 infestemur
551 2896 562 2928 ‚
585 2854 637 2911 sed
657 2856 745 2912 etiam
765 2855 843 2913 labia
862 2858 992 2916 vulneris
1012 2860 1111 2916 iuten-
1140 2840 1143 2855 ’

66 2960 151 3017 tione
178 2973 297 3012 orarum
325 2955 388 3029 ejus
416 2951 473 3009 filis
501 2952 710 3013 discindantur.
754 2954 819 3021 Qua
839 2973 873 3013 ro
893 2957 981 3013 etiam
1002 2957 1111 3033 empla-

66 3067 138 3115 stra
151 3053 189 3111 ad
205 3053 312 3111 vulnus
329 3050 523 3109 muniendum
534 3053 566 3108 in
579 3068 665 3114 usum
674 3053 777 3115 vocari
791 3053 905 3111 suadet.
937 3050 996 3111 Hic
1013 3064 1112 3114 sutem

64 3136 404 3231 Langenbeolrium
431 3149 628 3209 adversarium
656 3147 762 3224 hebet,
799 3153 904 3228 quippe
924 3131 975 3232 qul
996 3164 1110 3228 auctor,

65 3262 190 3324 sutura,
215 3251 327 3324 inquit,
356 3258 480 3311 eruenta
501 3250 564 3306 sola
584 3247 661 3306 labia
682 3250 813 3313 vulneris
833 3242 993 3326 committi,
1019 3253 1111 3311 etad

65 3349 351 3430 conglutinationem
378 3364 472 3422 usque
495 3350 575 3411 inter
599 3367 633 3404 se
652 3349 797 3405 reservari
816 3359 949 3424 possum.
969 3403 973 3411 ,
991 3346 1111 3426 Empla-

64 3460 133 3509 stra
155 3448 232 3505 enim
252 3447 366 3505 facilius
388 3445 540 3519 recedunt,
560 3451 715 3523 praecipue
734 3448 785 3503 illo
804 3448 837 3503 in
857 3447 934 3520 loco,
955 3464 1013 3523 quo
1033 3449 1113 3524 parti

26 3548 30 3557 ’
64 3561 153 3608 turso
173 3546 323 3629 proximae
343 3547 479 3622 imposita
499 3554 579 3617 snut,
600 3546 706 3621 quippe
725 3545 777 3621 qui
794 3545 876 3602 locus
891 3554 1031 3621 punctum
1049 3564 1110 3603 am·

61 3648 149 3725 plum
167 3643 261 3704 lixum
280 3646 338 3704 illis
358 3663 420 3705 non
438 3641 575 3719 praeberi
603 3660 692 3718 porro
712 3643 878 3720 lacrymae,
905 3660 944 3699 ex
963 3645 1048 3705 oculo
1068 3645 1110 3705 ir.
1184 3704 1186 3709 ι

63 3747 160 3804 ritate
190 3738 330 3816 emissae,
363 3743 520 3818 emplastra
545 3743 645 3801 mollia
672 3740 816 3817 reddunt,
849 3752 883 3799 ut
909 3759 963 3799 suo
988 3760 1111 3803 munere

63 3861 129 3902 non
156 3841 241 3921 fungi
267 3844 397 3918 possint:
432 3857 523 3917 querc
551 3843 640 3903 etism
665 3840 823 3915 emplastra
850 3841 913 3898 sola
940 3840 979 3923 ed
1004 3842 1111 3903 vulnus

63 3940 228 4001 utiendum
248 3941 352 4017 rejicit

152 4038 241 4107 Quod
262 4039 301 4099 ad
319 4039 544 4114 sppllcationem
565 4040 660 4115 ipsam
680 4039 824 4115 pertinet,
858 4039 1039 4121 potissimpm
1059 4058 1110 4101 su·

63 4150 136 4198 turs
165 4137 278 4198 nodosa
306 4140 351 4197 sio
378 4131 457 4198 diota
483 4138 549 4198 aliis
576 4135 782 4215 praeponenda
809 4145 862 4198 est.
914 4133 987 4197 Cum
1004 4146 1111 4207 auten
