2728 4960
292 373 366 443 ¹9⁰
481 350 606 418 ΗοειΙ
641 368 705 417 nr.
740 365 1000 417 rnrcn1as1
1036 367 1138 420 erc.

358 528 460 590 Simili
479 528 577 589 modo
596 524 770 611 glandulae
795 522 1035 615 meibomianae
1054 542 1165 605 neque
1185 541 1317 606 tument,

280 642 394 703 neque
412 617 668 681 inflammatione
690 631 858 696 correptae
879 632 1058 707 apparent,
1079 614 1231 705 ductibus
1250 643 1319 684 vero

285 734 397 777 earum
420 712 517 792 plane
538 711 666 770 illaesis.

363 804 609 883 Quamprimum
625 817 731 862 autern
749 804 794 861 vis
808 788 1000 880 palpebram
1023 795 1175 864 attollens
1194 808 1321 877 remisit,

281 898 442 978 palpebra
462 904 531 973 ipsa
553 892 733 966 delabitur,
753 884 865 974 margo
879 897 1054 954 introrsum
1072 892 1234 968 flectitur,
1256 896 1319 956 cilia

276 991 387 1053 'bulbo
409 989 496 1049 oculi
515 998 593 1049 sese'
607 988 832 1065 approximant
851 988 947 1065 eique
969 983 1159 1047 adhaerent.

359 1084 505 1154 Causae,
529 1102 613 1163 quae
635 1077 771 1139 alterius
796 1080 918 1156 speciei
939 1083 1081 1157 eutropii
1101 1084 1319 1159 progenerati-

275 1178 338 1239 ·oni
358 1177 510 1253 imprimis
530 1173 657 1243 favent,
683 1185 776 1231 sunt:
803 1166 1073 1231 inflammationes
1096 1169 1270 1232 chronicae
1288 1176 1318 1231 in

275 1272 426 1349 margine
446 1261 647 1344 palpebrali,
662 1265 940 1343 intumescentia,
974 1267 1049 1322 tarsi
1069 1261 1318 1322 deformationes

277 1376 315 1419 et
344 1358 547 1439 corrugatio,
576 1371 665 1411 casus
691 1374 763 1415 non
786 1354 996 1433 infrequens,
1027 1351 1208 1416 substantia
1233 1373 1319 1433 prae·

273 1465 388 1532 ‘gressa
408 1450 620 1526 operatione,
642 1458 675 1505 et
695 1446 778 1507 mala
799 1450 1034 1506 cicatrisatione
1055 1465 1158 1506 exesa.

358 1542 452 1619 Quae
469 1558 542 1597 cum
556 1542 600 1594 ita
615 1541 764 1596 eveniant
780 1559 887 1598 rerum
902 1542 1000 1597 statui
1014 1542 1166 1616 inprime
1182 1540 1317 1615 eutropii

278 1637 388 1712 specie
408 1629 568 1708 descripto
585 1627 859 1709 plane‘oppositus
878 1627 1085 1693 observatur:
1105 1629 1233 1689 scilicet
1248 1647 1317 1688 con·

275 1730 369 1784 tinua
389 1721 607 1780 musculorum
628 1720 866 1799 palpebralium
886 1725 969 1779 actio
990 1719 1191 1801 spasmodica
1200 1762 1212 1793 ,
1245 1723 1315 1779 cutis

272 1828 312 1874 et
331 1830 433 1874 textus
453 1812 602 1873 cellulosi
630 1810 858 1873 contractilitas
885 1810 1038 1883 adaucta,
1069 1832 1182 1892 margo
1209 1810 1316 1890 palpe-

268 1905 355 1968 brae
376 1918 495 1967 attactu
515 1903 596 1963 dura
621 1918 655 1963 et
680 1903 722 1963 ad
740 1900 878 1961 bulbum
896 1902 982 1961 oculi
1003 1921 1177 1975 conversa,
1210 1916 1313 1961 tumor

267 1997 439 2079 profunde
465 1993 605 2068 rubens,
637 1995 756 2055 limbus
789 1997 935 2052 internus
962 1998 1098 2053 omnino
1127 1999 1263 2053 evanuit
1287 2006 1315 2051 et

268 2096 325 2153 ¹trix
344 2111 414 2152 non
429 2087 581 2149 abolitus.
618 2088 656 2147 In
678 2107 800 2170 genere
812 2099 909 2145 status
932 2089 1084 2166 marginis
1099 2084 1188 2145 oculi
1210 2082 1314 2145 affecti

265 2183 318 2241 ita
334 2186 526 2241 constitutus
541 2196 605 2252 est,
625 2194 662 2239 ut
685 2183 867 2269 corrugatio
882 2176 915 2235 e't
935 2178 1127 2236 introversio
1144 2180 1223 2236 tarsi
1248 2179 1314 2235 uni·

266 2277 393 2350 'cuique
412 2275 517 2349 primo
539 2286 669 2346 aspectu
689 2290 759 2329 sese
779 2269 973 2327 manifestet.

346 2361 414 2419 Etsi
432 2357 591 2436 palpebra
610 2356 650 2417 ab
671 2360 758 2419 oculi
778 2357 882 2419 bulbo
903 2358 1092 2434 abducitur,
1113 2360 1221 2421 forma
1238 2381 1314 2420 mar·

269 2456 355 2536 ginis
379 2449 576 2529 palpebralis
603 2460 794 2532 corrugatae
821 2446 1031 2510 nihilominus
1056 2459 1215 2531 persistit,
1248 2455 1313 2513 cilia

263 2565 405 2626 ¹quoque
423 2557 559 2623 propter
577 2547 757 2624 marginem
779 2545 854 2601 tarsi
873 2542 1015 2601 vitiatam
1040 2543 1081 2605 ad
1101 2546 1235 2606 oculum
1249 2565 1312 2606 ver·

267 2659 321 2698 sus
341 2633 494 2695 morbose
517 2639 777 2706 constituuntur,
807 2638 951 2713 quamvis
974 2649 1080 2693 cutem
1105 2656 1177 2697 non
1199 2644 1311 2720 exigua

264 2734 299 2794 ‚vi
334 2726 521 2788 tetenderis.
552 2727 684 2810 “Margo
718 2725 948 2805 palpebrarum
980 2729 1016 2782 in
1052 2733 1146 2787 cunei
1176 2730 1310 2789 formam

265 2822 445 2897 compressi
464 2823 606 2897 speciem
626 2814 782 2898 praebet,
804 2835 823 2874 e
843 2816 933 2892 cujus
952 2809 1021 2877 acie
1044 2817 1117 2877 cilia
1137 2825 1311 2899 progermi-

263 2928 346 2970 nare
365 2907 527 2968 videntur.

343 3000 450 3079 Quam
469 3006 607 3073 maxime
626 3002 712 3060 inter
737 3018 772 3058 se
795 2997 981 3077 discrepent
1006 2998 1131 3074 morbi,
1159 3007 1218 3081 qui
1245 3004 1309 3063 for·

261 3112 351 3152 mam
378 3092 467 3151 oculi
490 3093 664 3164 infestant,
693 3111 812 3171 nempe
841 3092 1025 3160 trichiasis,
1059 3091 1263 3153 distichia'sis
1280 3108 1309 3153 et

261 3185 467 3260 eutropium,
496 3198 647 3261 respectu
668 3203 782 3242 causae
802 3189 989 3261 proximae,
1015 3189 1062 3244 uti
1091 3191 1307 3258 exposuimus,

260 3288 296 3334 et
314 3273 394 3333 inde
416 3278 513 3332 etiam
535 3275 646 3352 quoad
667 3272 863 3355 therapiam,
895 3298 980 3356 quae
1001 3277 1169 3336 rationalis
1189 3278 1306 3337 solmn-

257 3365 362 3427 modo
385 3385 500 3424 causae
519 3369 671 3443 opposita
695 3372 822 3426 institui
840 3381 965 3447 potest,
994 3358 1154 3429 abludunt
1173 3388 1306 3430 necesse

257 3472 327 3527 est;
347 3461 382 3515 in
404 3476 444 3519 eo
465 3471 574 3516 tamen
594 3474 708 3517 omnes
729 3462 946 3531 conveniunt,
975 3459 1066 3538 quod
1086 3458 1219 3518 oculum
1241 3481 1307 3520 ma·

256 3549 291 3609 lo
310 3552 566 3628 pertinacissimo
588 3562 621 3608 et
638 3568 762 3608 summe
774 3544 955 3631 'dolorifico
975 3548 1127 3610 afficiant.
1150 3584 1186 3595 -
1209 3551 1303 3619 Gilia,

253 3662 470 3725 ‚quacumque
490 3660 587 3701 causa
609 3640 762 3701 morbose
783 3641 826 3701 ad
845 3642 977 3703 oculum
998 3664 1172 3714 conversa,
1201 3647 1306 3703 irrita·
1355 3712 1356 3717 η

254 3738 349 3795 tione
379 3739 536 3795 continua
563 3747 595 3792 et
619 3733 714 3793 valde
742 3731 928 3807 dolosifica,
960 3739 1012 3794 vix
1036 3754 1108 3795 non
1133 3732 1174 3793 ab
1201 3755 1302 3816 aegro

249 3823 471 3903 perferenda,
505 3826 743 3904 conjunctivam
769 3845 893 3885 summa
911 3827 1125 3887 sensibilitate
1144 3825 1300 3887 donatam

252 3913 450 3989 oflendunt,
484 3916 564 3977 inde
590 3913 811 3995 ophthalmiae
838 3922 1017 3996 pessimae,
1047 3940 1119 3978 cum
1146 3919 1299 3985 omnibus

248 4012 318 4066 suis
338 4006 498 4086 sequelis,
526 4010 685 4088 originem
705 4006 839 4069 ducunt.
879 4009 952 4068 Hoc
977 4010 1108 4072 stimulo
1136 4032 1232 4093 aeger
1250 4012 1301 4072 la·

249 4101 384 4168 cessitas
405 4103 563 4160 continuo
583 4102 753 4175 nictitans,
772 4119 844 4163 non
862 4105 1043 4161 intermissa
1056 4104 1152 4186 *oculi
1172 4108 1298 4166 frictio·
