2728 4960
232 1010 449 1121 obscuratio
470 1059 600 1143 quaevis
621 1061 655 1127 in
671 1057 758 1117 oculi
774 1065 899 1134 camera
918 1049 1274 1133 posterioripapillam

230 1154 317 1211 inter
336 1171 374 1210 ac
392 1158 533 1211 tunicam
554 1149 754 1233 hyaloideam
769 1151 955 1227 conspicua,
975 1166 1033 1206 seu
1048 1144 1103 1204 illa
1122 1150 1158 1204 in
1176 1143 1273 1204 lente
1345 1166 1347 1203 t

232 1247 292 1313 sit,
323 1262 382 1315 pau
407 1245 443 1303 in
470 1242 983 1333 aquulaivapore),Morgagnip
1014 1236 1186 1315 capsulave
1212 1234 1297 1294 dev·
1326 1230 1348 1265 '¹

231 1352 320 1391 mum
341 1330 422 1391 haec
442 1342 645 1406 continente,
667 1351 752 1414 quae
770 1328 868 1399 visum
890 1352 950 1407 pro
963 1322 1149 1411 >pertusus
1163 1332 1299 1396 erin-2

159 1418 162 1423 ’
231 1423 449 1508 aegrotollit,
470 1438 628 1495 cataracta
649 1423 740 1489 audit
758 1424 810 1492 vel
829 1420 975 1491 suffusio.
1273 1478 1278 1487 .
1350 1468 1351 1497 ,

238 1518 243 1531 '
309 1513 446 1574 Morbus
467 1504 583 1588 bicos,
621 1522 734 1598 generi
760 1514 903 1576 humano
931 1516 1098 1583 canissIma
1123 1513 1204 1582 inde
1231 1510 1275 1576 ab
1350 1508 1352 1581 l

236 1608 428 1686 antiquitate
448 1600 562 1680 notus,
591 1629 709 1683 exeo,
740 1609 831 1690 quod
851 1606 1041 1667 evolutionis
1067 1625 1162 1679 suae,
1190 1611 1287 1677 visui,
1352 1620 1353 1649 t

234 1697 378 1770 invidae,
397 1694 495 1777 opus,
516 1718 646 1773 sensus,
669 1721 733 1787 quo
751 1688 945 1784 gaudemus,
965 1693 1156 1766 nobilissimi
1170 1697 1281 1773 jactu-

235 1807 271 1873 τί
291 1786 432 1865 perficit,
447 1789 616 1867 ‚objectum
636 1791 741 1855 seduli
761 1807 895 1855 naturae
912 1783 1113 1867 curiosorum
1128 1792 1282 1857 scrutinii

236 1874 330 1937 nullo
352 1882 427 1939 non'
444 1882 591 1961 tempore
611 1887 747 1943 omnino
767 1882 916 1955 sistebat,
946 1899 1024 1941 sane
1044 1884 1282 1963 gravissimum,

235 1965 456 2051 Nihilominus
480 1988 590 2043 tamen
610 1992 644 2036 et
661 1975 769 2036 secula
790 1973 963 2050 effluxere,
978 1971 1283 2054 „quibusmedicos

237 2079 309 2123 rum
321 2063 453 2125 ‚milleni
472 2067 610 2133 ferventi
629 2057 804 2142 industria,
839 2054 1165 2151 mentequesublimi
1184 2080 1285 2127 tenea

238 2148 370 2214 brosum
400 2161 435 2217 in
463 2165 682 2241 organismum
699 2162 906 2231 ,claritatem,
939 2163 975 2218 in
1003 2157 1127 2225 laesum
1157 2176 1291 2224 novam.

240 2240 426 2313 fundebant
444 2254 557 2319 vitam,
582 2251 689 2319 donec
708 2274 746 2317 ex
760 2253 876 2324 oculo,
898 2254 1007 2331 aprico
1020 2238 1133 2326 'plane
1146 2251 1287 2329 tradito,
1305 2302 1309 2309 .

240 2351 306 2397 nox
327 2333 359 2394 et
377 2358 479 2398 crassa
500 2336 604 2422 caligo
628 2342 789 2422 dispulsae
809 2344 977 2424 lugerent,
1001 2357 1246 2404 evanescerent.

317 2426 580 2491 praescindendo
602 2438 688 2493 enim
709 2435 749 2494 ab
771 2439 827 2508 iis,
856 2452 940 2514 quae
961 2445 1105 2509 tempus,
1125 2439 1291 2513 quaein-

242 2515 389 2578 tellectus
409 2541 468 2582 sua
486 2527 555 2601 ipse
576 2529 734 2586 continuo
756 2529 790 2585 in
803 2529 925 2586 viscera
941 2524 1106 2595 saeviens,
1126 2525 1291 2610 implaca-

242 2601 302 2665 bili
315 2620 398 2669 *cum'
413 2617 540 2674 ratione
559 2617 731 2696 perplexus
750 2636 861 2698 pugna
879 2615 1067 2696 protulerit,
1093 2616 1293 2677 causticis'si·

242 2702 302 2761 mis
323 2721 361 2761 ea
379 2707 512 2787 pingas,
533 2706 628 2782 licet,
649 2707 829 2780 coloribus3
845 2712 972 2772 ,mirum
991 2721 1101 2767 tamen
1118 2720 1183 2779 est,
1205 2706 1293 2773 alta·

245 2800 658 2882 quarsnemoriadignum
685 2798 849 2871 manebit,
882 2796 953 2858 fieri
974 2801 1032 2879 qui
1052 2801 1216 2877 potuerit,
1249 2813 1293 2860 ut

244 2879 347 2957 plane*
369 2883 435 2956 ibi',
465 2888 523 2950 ubi
549 2898 659 2953 omnia
683 2890 829 2951 sensibus
855 2908 983 2968 prorsus
1005 2892 1205 2969 apertissime
1228 2909 1292 2968 pa·

191 3008 193 3011 -
245 2982 334 3046 tent,
363 2975 420 3035 ubi
441 2996 556 3040 cuncta
578 2980 800 3062 limpidissima
823 2972 967 3040 claritate
986 2980 1131 3059 liquant,
1159 2980 1294 3041 tamdiu

248 3060 390 3124 abstrusa
412 3071 611 3144 praevaleret
633 3074 831 3145 obscuritas,
863 3087 961 3153 atque
987 3076 1069 3132 circa
1096 3089 1151 3143 aa,
1186 3091 1292 3151 quae,

207 3180 209 3183 ·
248 3152 340 3229 quod
357 3162 509 3220 eveniant
530 3165 696 3243 quotidie,
716 3170 786 3244 ipsa
806 3179 997 3243 personant,
1019 3170 1056 3225 in
1077 3166 1293 3226 novissimam

248 3263 353 3323 usque
374 3255 479 3311 omnia
503 3253 701 3317 obmutuerit
724 3271 822 3316 aetas.

322 3340 370 3399 Ac
391 3362 470 3420 prae
491 3351 604 3407 ceteris
632 3348 767 3428 quidem
791 3353 826 3408 in
849 3344 1013 3406 historiam
1036 3360 1217 3407 cataractae
1245 3361 1298 3409 at·

250 3436 330 3491 tenti
351 3433 569 3519 advertamus,
589 3452 626 3497 ut
640 3438 797 3519 quamdiu
814 3446 937 3509 animus
952 3438 1138 3518 pelliculam
1157 3442 1194 3498 in
1210 3457 1300 3509 ocus

248 3517 281 3579 lo
295 3540 445 3586 recenter
459 3533 547 3588 nasci
554 3548 576 3601 ‚⁴
588 3549 652 3609 qua
671 3527 725 3595 hic
742 3531 782 3592 ab
802 3530 912 3593 officio
927 3531 1162 3611 suspendatur,
1185 3527 1299 3590 hallu·

252 3615 394 3690 cinarus,
414 3619 589 3680 videamus.
780 3682 781 3685 ,

325 3707 422 3768 Unde
443 3711 650 3790 Celsus²)r
678 3713 813 3795 „Igitur
831 3714 881 3774 vel
902 3735 940 3774 ex
957 3714 1074 3776 morbo
1093 3710 1204 3775 velex
1224 3717 1300 3775 ictu

253 3806 431 3860 concrescit
451 3801 567 3863 humor
581 3804 640 3865 sub
654 3803 782 3867 duabus
798 3810 925 3882 tunicis,
947 3828 1013 3889 qua
1032 3806 1139 3868 locum
1155 3826 1301 3868 vacuum

252 3906 321 3947 esse
341 3899 508 3972 proposui.
518 3899 543 3934 “

252 4017 575 4043 Ἣ

287 4090 314 4155 1)
337 4082 402 4149 dul·
421 4094 507 4153 corn.
525 4098 652 4157 Celsus
671 4100 705 4157 de
721 4101 871 4162 medicina.
900 4104 982 4161 Libr.
996 4120 1021 4176 7.
1042 4125 1109 4183 pag.
1121 4109 1182 4179 433.
