2682 4950
283 410 330 455 us
356 408 501 455 uouars
524 408 815 458 cuculoruuss.
973 410 977 420 ’
1013 398 1077 464 125

131 569 336 631 Exasdotioas
363 567 499 649 lymphas
522 567 692 647 plasticae·
720 569 891 646 plerumque
914 564 1077 631 inflamma·

35 672 80 729 tio
111 673 275 729 tunicarum
303 660 467 727 serosarum
494 665 611 739 linitur,
644 667 688 723 sic
712 675 745 723 ct
775 664 935 731 ohorioitis.
978 670 1078 730 Exsu-

35 768 106 827 data
136 765 256 846 lympha
289 766 448 845 conjungit
479 762 678 824 chorioideam
691 730 770 823 him
796 766 903 824 uicinis
930 767 1077 842 partibus:

32 887 100 926 cum
115 868 232 945 capsula
247 867 348 939 lentis,
374 865 482 937 retina,
506 862 672 938 sclerotica,
693 861 884 939 probabiliter
904 866 993 925 otiam
1013 884 1078 925 oum

29 964 117 1030 iride.

122 1062 277 1124 Goaorctio
299 1062 485 1123 chorioidaoc
505 1081 571 1121 ossus
593 1059 718 1142 cuprasio
735 1059 831 1124 lautis.
875 1061 981 1125 Potest
1000 1067 1077 1143 lym·

30 1160 93 1239 pha
114 1183 130 1221 e
151 1161 318 1221 chorioides
345 1162 471 1240 siugulis
499 1158 585 1220 modo
613 1160 689 1219 locis
716 1161 765 1219 vol
790 1160 823 1218 iu
846 1162 985 1223 universo
1014 1168 1078 1242 ojus

32 1261 144 1319 ambitu
165 1262 198 1317 in
219 1262 365 1335 capsulam
388 1259 549 1332 exsudare,
573 1258 617 1315 ita
632 1260 672 1316 'nt
693 1266 747 1315 aut
770 1258 803 1316 in
824 1260 982 1337 pupillam,
1004 1282 1077 1342 qua.

30 1361 75 1417 lis
95 1367 141 1417 est
160 1359 193 1415 iu
214 1366 294 1416 statu
315 1360 455 1431 normali,
480 1365 620 1430 extensa,
641 1365 821 1415 cataractam
839 1359 982 1435 producat
1000 1363 1079 1440 lyms

29 1452 191 1535 photium,
208 1465 260 1513 aut
269 1466 353 1515 maus
368 1455 531 1535 marginem
546 1453 631 1512 iridis
648 1457 822 1531 pupillarem
834 1474 895 1517 uon
908 1475 1078 1539 progressa,

31 1555 106 1632 quin
124 1555 234 1632 pupilla
249 1554 374 1614 dilatata
392 1556 443 1628 sit,
459 1552 554 1611 videri
570 1570 631 1612 uon
645 1554 748 1628 possit.
772 1552 926 1615 Cataracta
941 1559 1078 1635 lymphs·

30 1657 94 1713 tica
105 1654 164 1711 suis
182 1653 276 1733 siguis
294 1652 483 1730 cognoscitur
500 1660 532 1709 et
549 1649 740 1729 distinguitur
757 1652 794 1710 ab
812 1671 857 1728 ea,
878 1650 960 1731 quae
970 1658 1078 1721 iritidis

32 1753 154 1829 sequela
176 1760 236 1825 est,
263 1750 375 1827 pupilia
397 1767 506 1829 magua
527 1757 558 1808 et
577 1749 662 1807 iridis
682 1760 781 1825 motu,
804 1755 859 1812 etsi
881 1755 1005 1834 exignus
1027 1758 1078 1833 sit,

31 1849 130 1910 adhuc
155 1850 218 1908 illio
240 1856 400 1926 perstante.
444 1844 577 1925 Lympha
595 1866 616 1906 a
637 1844 804 1908 chorioidca
832 1849 926 1910 effusa
954 1863 986 1912 et
1011 1872 1077 1914 oum

31 1949 152 2026 capsula
170 1950 274 2024 Juucts
293 1965 388 2023 neque
408 1964 480 2005 vero
500 1957 582 2005 tram
603 1948 766 2026 marginem
792 1947 876 2007 iridis
904 1952 1078 2028 pupillarem
1126 1987 1131 1991 ·

30 2065 191 2107 excurrens
212 2047 246 2102 iu
265 2054 454 2121 conspectum
481 2047 563 2102 veuit
586 2046 698 2121 pupilla
725 2044 919 2106 artificialiter
945 2048 1076 2117 dilatata.

28 2147 70 2206 lu
91 2162 159 2204 sene
183 2142 316 2203 Slavono
335 2141 397 2200 vidi
418 2143 497 2207 cisoa
517 2144 667 2219 capsulam
693 2142 788 2201 forma
814 2147 918 2205 annuli
945 2165 1009 2207 eam
1029 2150 1077 2211 fu.
1158 2150 1161 2163 '

29 2264 107 2306 sam.
148 2241 260 2302 Aderat
280 2241 367 2298 simul
389 2249 536 2299 cataracta
558 2240 640 2298 arida
660 2241 809 2317 siliquam,
831 2261 849 2300 a
870 2262 928 2322 qua
947 2246 1004 2305 iste
1022 2267 1078 2307 su·

29 2344 123 2403 nulus
143 2341 242 2398 colore
267 2340 363 2398 minus
385 2337 483 2398 albido
499 2337 750 2419 distinguebam.
793 2339 907 2401 Sensus
931 2362 1003 2425 arga
1029 2346 1078 2406 lu·

30 2458 99 2503 cetu
125 2439 230 2516 maJori
258 2437 352 2519 gradu
379 2436 512 2496 sublatus
542 2445 607 2496 erst
636 2455 722 2514 quam
753 2437 937 2517 hominibus,
972 2445 1076 2522 quibus

27 2547 94 2603 ists
115 2547 161 2598 cst
183 2546 349 2595 cataractae
370 2537 501 2613 specics,
523 2554 587 2594 esse
610 2537 703 2610 solet,
724 2546 760 2594 ut
780 2555 870 2617 sager
889 2540 942 2597 vix
965 2559 1077 2621 eogno-

29 2657 117 2701 score
142 2646 258 2714 posset,
292 2631 345 2695 ubi
371 2636 416 2694 sol
441 2636 491 2693 vel
516 2632 665 2697 tenebras.
714 2632 761 2693 Ns
788 2644 887 2695 autem
913 2639 1077 2715 existimas,

27 2754 153 2817 aegrum
172 2752 232 2794 una
252 2733 402 2792 lsborasse
428 2732 595 2812 amblyopia
621 2734 817 2810 amaurotica3
846 2752 915 2796 uam
943 2736 1077 2814 dissum,

26 2839 167 2914 inquam,
195 2841 362 2906 cataracta,
392 2833 488 2890 visum
514 2839 563 2888 sat
581 2830 690 2890 bouum
710 2833 904 2910 recuperavit.
925 2866 963 2878 -
1007 2834 1078 2896 Non

25 2951 131 2995 rarum
157 2939 220 3004 est,
249 2930 327 3008 quod
353 2926 474 3007 lympha
495 2947 514 2986 a
535 2948 657 3007 corpore
679 2931 776 2989 ciliani
801 2931 908 3009 partim
934 2933 1078 2996 exsudata

26 3051 100 3092 cum
116 3030 236 3107 capsula
255 3029 408 3109 juugitur,
429 3028 582 3106 praecipue
599 3030 632 3087 iu
647 3029 809 3088 infantibus
830 3029 927 3090 coccis
947 3043 1077 3108 sparto.

26 3133 75 3192 At
94 3130 127 3187 in
148 3127 258 3187 adultis
280 3128 367 3185 etiam
388 3126 570 3202 observatur,
590 3128 642 3186 ubi
663 3130 783 3205 sequela
804 3138 850 3187 est
870 3127 1078 3192 inflammatio·

25 3230 81 3289 nis
109 3225 291 3286 chorioidcse
318 3224 453 3301 partialis
487 3246 526 3285 ex
551 3228 649 3285 causis
685 3227 827 3286 violentis
862 3238 954 3295 ortae.
995 3230 1077 3292 Me.

28 3334 153 3387 suoratu
186 3323 307 3404 dignum
338 3325 427 3382 lentis
456 3342 521 3383 cum
539 3314 672 3401 'corpore
702 3326 798 3384 oiliari
830 3324 950 3404 lympha
976 3330 1078 3388 unitas

25 3425 185 3501 exemplar
204 3422 337 3498 possidet
355 3440 486 3482 museum
503 3419 723 3502 pathologicum
741 3424 842 3483 clinici
862 3422 1078 3502 ophthalmolo·

25 3524 96 3605 gici
119 3517 368 3583 vindobonensis.
424 3521 495 3580 Viro
522 3519 638 3579 cuidam
667 3537 734 3577 cum
768 3521 863 3579 culter
890 3540 998 3598 parvus
1025 3544 1078 3604 per

23 3621 135 3682 ciliare
166 3635 259 3696 usque
290 3616 328 3674 ad
361 3619 565 3694 crystallinum
597 3636 701 3696 corpus
732 3617 857 3678 fortuito
884 3631 1077 3699 peuomasset,

22 3728 187 3795 utrumque
214 3713 441 3775 inflammatione
468 3717 634 3790 concrevit,
663 3716 741 3794 quod
766 3717 876 3779 iactum
901 3729 969 3798 post
995 3725 1078 3802 aegri

21 3824 157 3878 mortem
177 3833 257 3874 nuuc
280 3822 327 3872 est
346 3813 455 3877 vidore.
481 3846 518 3859 -
562 3813 699 3874 hlucdum
721 3816 900 3877 solummodo
923 3817 1076 3879 observavi

21 3911 182 3995 lympham
202 3931 220 3971 s
241 3930 363 3987 corpora
384 3912 480 3972 ciliari
499 3913 531 3970 iu
553 3914 701 3990 capsulam
723 3912 844 3974 offusam
864 3934 924 3974 una
939 3935 1004 3975 cum
1020 3916 1076 3977 bu·

15 4020 75 4094 jus
94 4010 246 4090 ¹lautisque
266 4009 488 4086 obscuratione,
517 4027 591 4090 quac
618 4020 732 4086 autem,
759 4023 794 4072 ut
819 4014 908 4073 simul
931 4026 1076 4089 occurrat,

19 4130 155 4173 necesse
175 4129 240 4171 essa
264 4106 337 4170 mihi
364 4124 426 4169 non
452 4110 577 4173 uidetur.
626 4108 685 4171 llos
714 4110 785 4170 uota
814 4121 876 4187 cst,
904 4133 921 4172 e
947 4112 1076 4191 lymth
