2728 4960
276 388 369 459 ustio
424 381 634 462 <issara
662 401 1165 464 nezaeaanoasxtua.

287 564 374 630 hitto
393 557 542 623 sufficere
559 557 696 640 putabat
701 596 723 637 ‚»
733 576 771 623 ao
784 561 916 624 tandem
932 559 1091 637 judicium
1105 564 1263 644 opusculo
1281 570 1319 640 ¹),

289 652 382 737 quod
402 652 501 715 edere
528 650 717 712 dislaturum
742 671 776 711 se
801 650 1097 727 iuisssindicavit,
1129 659 1157 715 si
1183 656 1263 737 quid
1287 662 1320 719 in

286 767 323 807 re
351 742 456 805 adhuc
484 743 661 804 desiderari
686 757 876 824 cognosset,
912 744 1066 823 protulit,
1107 767 1174 826 quo
1198 746 1320 809 metho-

273 825 366 897 *dum
385 849 493 908 suam,
514 833 664 896 omnibus
679 839 821 895 numeris
831 833 1028 911 absolutam,
1048 852 1109 899 'usu
1125 837 1317 913 facillimam,

286 927 494 1006 omni'plane
524 926 866 1001 discrimine'vacuam
886 940 984 1007 atque
1012 928 1053 987 ad
1081 944 1212 990 cunctas
1239 943 1319 993 cata·

284 1036 392 1083 tactae
412 1023 533 1099 species
554 1022 699 1097 apprime
727 1016 953 1097 adplicandam
973 1018 1156 1083 declaravit.
1194 1022 1253 1081 Ast
1269 1040 1320 1081 ve·

210 1177 213 1183 ,
281 1098 322 1175 ro
349 1126 418 1173 non
439 1124 476 1189 ut
500 1107 645 1170 medium
666 1107 708 1168 ad
732 1109 989 1187 promovendam
1009 1110 1200 1175 obscuratae
1227 1112 1317 1175 lentis

282 1206 520 1283 resorptionem
539 1221 650 1262 verum
675 1204 834 1260 innuente
853 1201 889 1261 id
913 1195 976 1276 iarn
996 1207 1067 1283 ipso
1088 1204 1317 1292 dissertationis

194 1308 197 1313 ’
280 1282 397 1369 titulo,
418 1292 460 1353 ad
479 1288 607 1353 facilem
631 1308 798 1369 tutamque
819 1292 1067 1355 reclinationem
1083 1293 1145 1356 hac
1160 1292 1318 1374 operandi

283 1392 384 1447 utitur
402 1380 577 1457 methodo,
607 1403 644 1442 ac
663 1388 790 1443 nonnisi
813 1382 869 1444 ubi
888 1405 949 1462 per
975 1383 1128 1463 adjuncta
1148 1386 1317 1467 quaedam,

282 1464 508 1540 suffusionisve
526 1495 586 1554 per
603 1488 750 1534 naturam
768 1473 937 1536 reclinatio
960 1472 1029 1539 fieri
1048 1481 1163 1557 nequit
1168 1519 1180 1549 ,
1212 1499 1319 1566 capsu·

284 1558 349 1628 lam
369 1567 559 1647 lentemque
586 1570 797 1642 comminutas
824 1565 1018 1628 resolutioni
1038 1581 1257 1653 vasorumque
1276 1569 1318 1630 bi·

279 1648 434 1721 bulorum
456 1662 608 1717 activitati
629 1656 804 1717 concredit.
825 1656 867 1701 -'
883 1656 1011 1739 Peragit
1031 1674 1139 1719 autem
1158 1658 1318 1741 operatio·

237 1782 245 1799 ν
281 1762 358 1812 nem
378 1738 462 1809 banc
481 1747 732 1808 instrumentulo
751 1748 884 1826 proprie
905 1748 946 1807 ad
965 1748 1000 1807 id
1019 1769 1079 1829 per
1097 1756 1131 1812 s'e
1153 1742 1315 1837 adaptato,

282 1848 355 1903 acui
374 1841 554 1917 Scarpae
577 1859 646 1899 non
670 1830 817 1898 absimili.
857 1838 1058 1924 Quadragies
1079 1852 1112 1901 et
1130 1844 1179 1906 bis
1199 1830 1316 1919 balares

277 1949 364 1993 etam
386 1945 554 2009 operatus,
586 1928 619 1988 et
638 1931 771 2009 quidem
792 1935 934 2010 quamvis
961 1926 1228 2015 lteratonpnide,'
1244 1956 1316 2020 qna·

281 2025 408 2107 dragies
429 2037 462 2081 et
480 2020 528 2081 bis
549 2035 640 2080 tauto
664 2040 736 2080 cum
755 2042 923 2096 successu,
943 2031 980 2082 ut
993 2029 1073 2085 visio
1091 2026 1240 2111 perfecta
1257 2034 1318 2090 cui·

279 2110 363 2177 libet
375 2113 501 2174 rediret
514 2114 552 2192 ²).
590 2106 721 2172 Nemini
738 2113 803 2190 jam
817 2117 935 2173 mirum
947 2115 1120 2201 videbitur,
1141 2124 1201 2198 qui
1224 2123 1316 2181 Latt-

280 2200 474 2289 genbeck
496 2217 560 2262 tam
582 2203 671 2263 felici
686 2209 913 2284 operationum
932 2225 1099 2283 successu,
1122 2211 1214 2290 quali
1231 2210 1316 2273 nulla

278 2294 442 2378 gaudebat
460 2292 652 2365 methodus,
675 2309 826 2373 arreptus
847 2301 878 2355 ei
896 2316 960 2357 nec
979 2316 1164 2378 supremum
1184 2302 1316 2380 quidem

275 2386 424 2467 lapillum
445 2385 580 2464 amplius
608 2385 721 2446 deesse
736 2388 894 2447 'ovareti'
910 2390 1021 2452 Novus
1039 2414 1100 2473 per
1120 2414 1193 2454 eum
1218 2395 1316 2456 oculi·

276 2484 376 2540 eticae
394 2480 429 2536 in
450 2495 565 2554 campo
585 2475 756 2538 videbatur
780 2478 919 2542 illuxisse
940 2484 1009 2557 sol,
1039 2504 1097 2546 sua
1123 2491 1314 2565 pernicitate

277 2587 519 2652 quaquaversus
537 2618 540 2623 .
557 2567 725 2653 celerrime
764 2568 925 2647 diffusus,
976 2578 1127 2639 imitandi
1165 2576 1315 2639 ardorem

252 2662 493 2726 inflammans.
531 2659 611 2747 Mox
637 2660 679 2719 ad
709 2666 827 2742 prisma
860 2680 1022 2740 exactus„
1042 2683 1090 2731 ast
1114 2667 1311 2748 prohdolor!

271 2776 345 2823 non
363 2755 535 2819 tuisverus
555 2751 612 2811 ille
632 2752 700 2828 sol,
727 2772 798 2816 non
816 2776 905 2816 mera
923 2759 1053 2820 radians
1071 2761 1157 2821 luce.
1197 2762 1313 2823 Colore

245 2886 255 2901 ..
272 2848 483 2928 perfectionis
505 2842 622 2906 detrito
642 2846 735 2905 fucus
756 2853 915 2926 apparuit.
952 2838 994 2909 Et
1010 2854 1158 2930 profecto
1175 2873 1250 2914 non
1269 2854 1313 2914 ia·

275 2938 362 3012 cilis,
387 2955 450 2997 nec
475 2937 633 3013 periculov
651 2957 762 2998 carens
789 2942 897 3020 agnita
917 2957 981 2998 nec
1007 2942 1141 3007 cuilibet
1161 2966 1312 3009 exercen-

243 3060 254 3069 ··
274 3028 328 3089 da.
371 3028 588 3105 Operationes
615 3034 701 3088 enim
729 3035 818 3091 omni
851 3030 1079 3093 sollicitudine.
1106 3035 1149 3095 ad
1175 3039 1311 3099 modum

242 3156 253 3167 ‚
270 3122 504 3198 praescriptum
525 3134 666 3192 exactas,
688 3124 807 3191 exitus,
829 3140 911 3199 quos
930 3112 1032 3182 solum
1051 3141 1126 3203 post
1142 3133 1311 3191 extractio·

270 3228 349 3269 nam
378 3223 434 3268 aut
465 3207 707 3288 depressionem
739 3211 849 3273 videre
891 3220 1132 3291 consuevimus,
1160 3239 1311 3303 quosque

270 3317 358 3359 nova
378 3298 439 3360 hec
466 3297 623 3361 methodo
650 3302 774 3383 fugatos
802 3302 926 3364 creduli
952 3302 1157 3384 sperabamus
1164 3352 1174 3382 ,
1203 3315 1311 3375 sortiri

269 3390 510 3469 obstupuimus;
538 3413 613 3453 mox
631 3412 775 3473 namque
793 3399 922 3472 penitus
943 3399 1047 3457 inanis
1069 3400 1131 3460 fuit
1149 3410 1309 3481 operatio,

267 3498 344 3540 snox
363 3499 440 3541 vero
456 3484 668 3567 pedisequam
688 3483 801 3544 habuit
823 3482 1309 3565 'ophthalmitidem‘lunestissi

266 3577 327 3632 mis
339 3577 488 3652 stipatam
502 3580 665 3650 torminis,
682 3591 720 3637 ut
733 3591 809 3638 sunt
821 3586 979 3640 cataracta
993 3582 1183 3645 secundaria
1191 3624 1203 3658 ,
1226 3585 1309 3668 lym·

263 3747 588 3770 *ὑ--ι--ιι-ι-ι.

276 3877 331 3944 ἰ)
350 3878 406 3955 Jir.
425 3879 457 3934 C.
473 3877 541 3941 Joh.
560 3882 603 3939 M.
620 3881 864 3958 Langenbaclz
886 3885 1014 3962 Prtifung
1036 3886 1306 3964 der'lieratonyxis,

276 3978 281 3983 -
307 3963 411 3999 ·e1ner
441 3967 533 4004 neuen
557 3953 695 4006 Methode
722 3954 777 4009 den
799 3956 878 4008 Stans
904 3955 994 4010 durch
1018 3956 1065 4010 die
1088 3958 1308 4015 Humilem-zu

331 4015 477 4085 operiren,
494 4018 548 4073 iim
563 4039 600 4081 au
616 4020 789 4075 zerstitelteln
807 4039 861 4078 etc.
887 4024 1044 4098 Gottingen
1061 4035 1137 4093 ²8¹¹·

274 4111 326 4178 tt)
346 4112 760 4197 Meditinisoh·chirurgiscbe
776 4122 1014 4198 Zeituug.11312'.·
1032 4129 1056 4180 1.
1069 4126 1123 4181 Bd.
1149 4131 1179 4215 S.¹
1189 4137 1274 4197 578..
