2728 4960
363 369 870 423 crrcsvrsosrrrrrescrs.
923 400 928 408 κ
1037 384 1040 395 ·
1095 362 1138 429 11

94 513 220 571 nimime
253 520 407 572 conuecto
426 511 472 587 ¹),
507 540 551 554 -
585 530 643 590 qim
674 515 787 575 scillcet
813 515 908 589 rodii,
946 534 966 575 s
993 517 1136 583 lstcn'bus

93 610 281 684 clementes,
310 611 546 687 intercipiuntur.

176 709 208 770 2.
252 707 379 768 Discrsc
398 709 554 769 staminum
569 709 686 769 luminis
709 709 947 792 reirsngibilites.
977 742 1021 759 -·
1051 714 1134 776 Heee

92 806 251 867 difficultss
272 818 354 869 certo
376 810 511 882 centuplo
532 811 627 884 major
648 821 693 867 est
712 812 803 885 priori
819 809 866 885 ²),
899 828 967 869 nrm
986 812 1064 872 radii
1082 834 1135 873 rn-
1226 888 1230 895 ι

92 906 157 979 bri,
186 909 240 983 qui
258 908 377 967 minime
398 906 588 985 refringitur,
616 909 696 965 sinus
719 908 902 966 refractionis
924 908 962 967 ud
983 929 1050 970 eum
1070 915 1135 971 vio·

92 1006 186 1078 lscei,
207 1007 258 1082 qui
276 1007 419 1074 maxime,
446 1005 607 1063 seeundum
627 1004 821 1065 Newtoniuns
842 1009 1041 1082 experimento
1061 1007 1105 1070 77
1125 1029 1136 1071 t

93 1099 135 1163 78
164 1113 282 1179 aequos.
325 1104 508 1178 Quapropter
535 1106 706 1177 praesertim
735 1124 752 1162 e
778 1104 919 1164 lateribus
946 1108 1051 1182 lentis,
1084 1108 1135 1169 ubi

93 1200 191 1259 lumen
218 1203 345 1261 maxime
372 1219 392 1260 o
417 1210 501 1260 recto
530 1199 711 1277 deflectitur,
743 1212 864 1283 tumtum⁸
881 1204 1063 1265 diversorum
1083 1225 1134 1266 co·

94 1299 189 1359 lorum
218 1300 434 1377 separationem
460 1300 532 1361 oriri
556 1319 677 1361 necesse
704 1311 768 1374 est,
801 1311 836 1360 ut
861 1304 913 1361 rix
939 1304 1133 1383 intelligetur,

12 1442 13 1465 .
94 1398 337 1475 quemadmodum
371 1400 570 1459 consutionem
595 1401 704 1480 [fugere
737 1401 839 1476 possit.
887 1398 1042 1475 Euler,
1088 1404 1136 1460 'vir

12 1502 14 1539 l
94 1514 225 1556 summus
246 1508 277 1558 ct
297 1498 514 1576 sogeeissimus,
536 1500 579 1557 its
596 1518 658 1556 rem
673 1499 845 1574 explicavitt
866 1499 954 1557 simili
969 1499 1066 1572 modo,
1087 1500 1135 1558 iu-

95 1596 175 1671 quit,
197 1615 234 1654 sc
253 1599 286 1659 in
305 1597 470 1678 telescopiis
489 1595 694 1656 ochrometiois
716 1615 780 1669 ors,
805 1599 849 1655 ite
869 1599 902 1655 in
922 1598 1008 1655 oculo
1029 1609 1136 1658 netum

12 1726 14 1753 ÷
96 1693 278 1773 divergentio
299 1696 427 1754 stamine
447 1697 610 1775 conjungit,
631 1705 694 1753 tem
714 1697 861 1770 sapienter
876 1696 1065 1773 temperando
1079 1717 1134 1757 ns·

12 1856 13 1859 Ἴ
95 1791 153 1848 rios
181 1790 340 1867 humores,
371 1802 423 1867 ut,
458 1810 534 1869 quae
555 1797 619 1869 jem
646 1784 774 1851 refrsct's
800 1793 951 1867 incident,
985 1796 1018 1853 in
1043 1814 1135 1853 unum

12 1864 14 1975 J
95 1889 268 1970 rediguntur
282 1886 325 1973 ³).
369 1888 429 1948 Sed
441 1889 496 1949 hoc
514 1893 628 1949 rstionc
642 1910 702 1949 non
715 1894 808 1948 solnm
824 1894 991 1968 proportio,
1013 1911 1071 1970 quc
1089 1893 1134 1971 di7

12 1976 14 2015 t
95 2007 179 2048 verso
209 1992 336 2049 stamina
362 1974 532 2049 humoribus
559 1989 777 2069 refringuntnr,
808 1991 841 2046 in
866 1991 945 2048 lente
972 2009 997 2052 e.
1019 2011 1048 2071 g.
1076 1993 1135 2051 slis

56 2130 63 2143 .
97 2106 182 2165 quem
201 2090 235 2149 in
255 2089 376 2147 humore
397 2090 492 2147 vitreo
514 2088 658 2166 exigitur,
680 2085 733 2144 scd
753 2088 842 2151 etism
863 2086 937 2144 duae
956 2090 1068 2162 lentes,
1090 2090 1134 2147 sl·

99 2195 162 2243 tero
180 2190 334 2267 colligens,
362 2166 459 2246 sltem
476 2186 614 2245 dirimens
634 2188 835 2264 requiruntur,
860 2203 936 2261 quoe
954 2190 1135 2246 constructio

12 2328 14 2353 ,
97 2285 129 2342 in
148 2289 233 2344 oculo
255 2285 334 2345 haud
355 2286 501 2359 occurrit3
530 2284 668 2342 reirsetlo
690 2286 767 2343 enim
787 2303 839 2361 per
859 2303 960 2344 omnes
981 2287 1059 2345 oculi
1078 2285 1134 2346 hu·

94 2401 190 2443 mores
211 2387 244 2444 in
265 2382 388 2442 eandem
414 2382 567 2443 contendit
594 2383 793 2445 directionem.
836 2364 957 2461 Insuper
983 2388 1135 2462 experien-

98 2482 142 2544 tia
159 2501 274 2560 quoque
296 2480 507 2540 ochromosiam
529 2483 607 2540 oculi
626 2482 743 2543 refellit.
783 2482 894 2550 Quodsi
914 2485 991 2541 enim
1011 2484 1137 2562 fulgenti

12 2640 13 2645 χ
95 2592 221 2657 puncto,
243 2580 281 2638 ob
302 2582 422 2640 nimiam
443 2581 612 2639 distantiam
632 2582 727 2638 minus
748 2579 903 2654 distincto,
926 2601 950 2638 e.
971 2601 1000 2659 g.
1021 2583 1136 2657 stellae,

96 2688 126 2737 ct
146 2682 231 2737 oculo
253 2681 398 2738 aciculum
424 2690 476 2737 ont
499 2678 578 2737 oliud
596 2677 762 2755 huiusmodi
782 2680 985 2754 corpusculum
1005 2681 1135 2755 interpo-

96 2780 245 2854 posueris,
272 2776 422 2851 umbram,
450 2787 595 2854 epnncto
616 2776 714 2835 lucido
734 2778 912 2852 projectam,
941 2794 1001 2835 non
1020 2779 1137 2857 nigram

97 2876 147 2935 sed
166 2879 329 2938 violaceum
348 2877 506 2953 percipies,
534 2873 656 2935 rubram*
673 2892 744 2935 vcro
766 2885 819 2934 out
839 2896 856 2933 o
876 2873 965 2933 rubro
987 2878 1136 2935 tornutio·

97 2994 170 3049 com,
193 2979 220 3035 si
239 2984 381 3052 punctum
401 2984 539 3052 respectu
559 2982 653 3033 status
672 2974 823 3033 refractiri
839 2975 923 3032 nimis
942 2976 1136 3050 propinquum

99 3084 142 3134 est
154 3075 193 3151 ⁴).
237 3074 305 3134 Hae
327 3071 546 3132 observationes
566 3072 732 3132 indubitato
754 3081 823 3130 sunt
842 3076 1032 3152 argumento,
1064 3076 1135 3132 sim·

97 3175 182 3249 plicia
215 3174 351 3247 luminis¹
371 3174 496 3231 stamina
528 3191 634 3231 revera
660 3174 692 3231 in
720 3181 835 3249 spectro
863 3173 971 3230 risorio
999 3184 1134 3247 seporcts

98 3274 236 3347 existere,
247 3281 289 3344 ,et
305 3273 424 3330 nonnisi
443 3272 614 3348 interceptis
634 3262 744 3344 radiis,
758 3271 874 3327 oculum
893 3288 983 3345 propo
1000 3273 1070 3328 axin
1088 3272 1135 3328 in·
1151 3267 1157 3273 ’
1228 3338 1233 3347 ⁸

98 3369 261 3445 monulus,
292 3368 332 3427 sd
358 3372 555 3428 ernestionem
580 3370 713 3446 perferri.
756 3369 838 3436 Quae
863 3386 933 3427 veru
961 3365 1134 3440 chremetis,

99 3469 258 3544 quomodo,
280 3487 402 3546 corpore
423 3487 483 3527 non
502 3470 676 3545 interjecto,
697 3485 815 3525 sensum
834 3466 937 3546 fugere
957 3467 1060 3540 possit,
1083 3464 1138 3522 ad·

164 3736 554 3874 ἓιίιῗιειξξεῖιᾶδιῐιειὲίιε
572 3823 606 3859 on
622 3806 668 3859 the
685 3822 748 3875 eye,
765 3805 811 3858 the
826 3819 934 3857 manner
951 3801 1004 3855 und
1020 3801 1136 3894 phoeno-

184 3897 260 3933 mena
278 3878 308 3933 of
321 3880 413 3933 vision.
447 3878 546 3931 Edinb.
565 3876 641 3932 1796.
658 3894 685 3947 p
703 3875 763 3928 479.
786 3876 819 3928 Τ.
837 3875 858 3928 Ι.

135 3947 151 4003 8
181 3949 307 4016 Euler,
332 3967 376 4002 sur
392 3949 419 4001 lo
435 3950 581 4020 perfectiori
604 3948 638 3999 de
655 3964 745 4001 verres
768 3947 891 4015 objeetifs
909 3943 955 3996 des
973 3942 1084 3996 lunettcs
1100 3972 1136 3982 —

184 4022 266 4074 Mem.
284 3990 318 4073 de
334 4021 429 4075 l'.accd
446 4021 493 4072 des
510 4038 546 4074 sc
565 4019 599 4071 de
610 4019 715 4084 Berlin
735 4015 818 4082 1747,
834 4035 861 4092 p
875 4016 934 4069 ³74

136 4089 153 4143 4
184 4091 310 4157 Wells,
329 4109 363 4145 on
379 4092 425 4145 the
442 4091 523 4144 limite
539 4091 570 4143 of
585 4091 685 4159 perfect
693 4107 732 4152 er
750 4089 858 4142 distinct
873 4087 972 4149 vision,
989 4086 1016 4138 in
1029 4085 1069 4137 his
1082 4086 1136 4136 two

189 4161 590 4234 esssysetcp.116-—127.
1213 4156 1215 4163 “
