2762 4960
282 408 333 479 30
492 386 718 456 Bassaris
743 400 804 452 os
829 396 1118 452 aususausus

267 568 309 648 ⁸5.
331 566 405 646 η).
430 562 478 611 ’ἑ-
510 562 660 625 Tantie'm
685 560 777 623 anno'
797 558 871 641 1794
902 558 999 622 Reil
1018 562 1045 640 ¹)
1076 558 1330 641 inquisitionem

282 656 639 742 proposuitadmodum
650 655 896 734 multiplicatam
905 649 953 712 ‘ds
964 665 1124 711 structura
1136 651 1249 726 lentist·
1257 655 1332 714 oiu-

274 750 462 833 'nibusqum
491 768 576 830 quse
596 752 685 827 prius
705 762 744 807 ea
765 746 806 807 de
828 764 865 805 re
885 748 1198 823 contemptuosam,
1224 743 1332 829 longe

281 849 495 924 superiorem,
512 860 577 920 qua
592 839 838 899 demonstravit:
853 835 977 897 lentem
992 834 1080 897 fibris
1096 846 1331 911 constructam,

281 935 437 1015 fibrisque
463 930 551 992 hisce
578 930 675 991 fixu'rn
696 945 730 991 et
752 928 901 990 stabilem
922 945 991 986 esse
1020 925 1182 987 ordinem.
1231 927 1333 1008 Quae

281 1030 351 1105 ejus
378 1023 705 1101 observationesaepro
732 1020 852 1081 ultimis
871 1032 948 1080 sunt
966 1015 1158 1094 habendae,
1185 1041 1333 1101 qnorum

281 1118 347 1181 hoc
372 1112 553 1177 memoratu
577 1117 716 1172 maxime
744 1112 882 1196 dignum
908 1108 1048 1171 videtur.
1096 1110 1255 1187 Primum,
1289 1132 1334 1172 ex

280 1229 341 1271 sua
367 1211 546 1276 sententia,
571 1203 873 1285 leuues-plurimis
896 1217 1023 1265 constat
1047 1200 1205 1279 lamellis,
1231 1223 1335 1284 squar

281 1315 407 1362 marum
428 1314 530 1376 cepae
548 1300 651 1358 instar
675 1298 736 1355 sibi
758 1297 898 1355 invicem
924 1297 1198 1374 superimpositis,
1227 1314 1336 1374 quae·

280 1411 347 1474 que
370 1392 580 1450 comentrice
614 1406 687 1446 cum
714 1400 827 1447 centro
856 1405 928 1446 eam
962 1383 1213 1465 amplectuntur.
1258 1386 1330 1448 Has

280 1478 617 1559 lamellasrsimplt‘ses
643 1475 805 1557 appellat,
836 1496 921 1555 quae
948 1491 1014 1537 tarn
1041 1491 1160 1538 tenues
1181 1481 1262 1551 sint,
1290 1492 1334 1538 ut

280 1581 333 1636 vix
354 1574 495 1635 crassitie
515 1569 675 1629 decimam
701 1567 763 1647 pili
788 1582 914 1648 partem
937 1582 1099 1650 aequent,
1129 1583 1162 1629 et
1188 1587 1330 1631 numero

281 1666 351 1726 iere
377 1681 454 1724 2000
473 1674 599 1721 exstent
616 1663 655 1738 ²).
701 1660 774 1720 Hae
799 1660 942 1722 laminae
969 1659 1141 1720 denuoex
1165 1657 1251 1721 fibris
1278 1675 1333 1721 te·

266 1756 462 1823 'unissimim
488 1771 557 1813 uno
578 1751 696 1813 ordine
716 1766 749 1811 et
768 1752 902 1831 quidem
930 1751 1098 1833 parallelo
1114 1756 1161 1812 ita
1179 1752 1273 1828 ⁴juxta
1291 1773 1331 1814 se

265 1851 410 1924 positis,
433 1858 600 1916 constant,
619 1857 657 1901 ut
675 1843 796 1905 lamina
804 1886 817 1919 ,
833 1865 936 1925 quam
961 1845 1122 1917 formant,
1136 1894 1139 1899 Α
1153 1847 1333 1905 crassitiem

264 1942 381 1998 -unius
400 1934 501 1996 fibrae
519 1932 696 2015 possideat.
733 1935 915 1997 Exteriores
935 1935 1097 2008 lamellae,
1114 1936 1251 1994 maxime
1266 1938 1333 1994 cir·

285 2052 331 2092 ca·
349 2033 530 2112 marginem
557 2027 674 2099 lentis,
703 2031 868 2087 crassiores
894 2042 970 2088 sunt
994 2015 1216 2089 interioribus.
1254 2027 1332 2087 liae

266 2143 361 2184 ¹vero
381 2120 553 2195 lamellae,
579 2134 617 2180 ut
637 2120 747 2181 seusei
765 2115 859 2177 Rei]
865 2157 877 2189 ,
903 2138 975 2181 non
994 2124 1153 2183 continua
1177 2132 1254 2177 suut
1270 2138 1332 2179 ve·

278 2211 329 2285 la,
356 2233 420 2273 nec
434 2215 525 2281 ‘circa
544 2227 642 2273 totam
663 2206 1131 2289 digrediuntur-lentemffised
1149 2208 1332 2271 intervallis

264 2320 340 2365 -aut
353 2305 454 2384 septis
473 2322 492 2362 a
511 2321 546 2361 se
565 2307 705 2363 invicem
726 2300 847 2362 divisae
867 2318 960 2377 sunt,
976 2312 1068 2385 ‘quae
1083 2301 1131 2364 ab
1152 2301 1332 2365 ambitu'et

269 2410 426 2477 utroquo
445 2393 522 2473 polo
542 2407 675 2473 recepta
696 2391 738 2452 ad
759 2407 908 2452 centrum
927 2396 980 2456 vel
1000 2401 1073 2458 axin
1092 2416 1197 2478 usque
1218 2399 1332 2457 termi-

279 2501 419 2559 nantur,
448 2497 482 2544 et
495 2497 608 2545 totam
633 2483 757 2544 lentem
785 2487 822 2545 iu
850 2487 1009 2566 aequales·
1033 2487 1183 2550 dividunt
1207 2503 1330 2569 partes.

262 2608 268 2623 ι
282 2576 432 2657 Quorum
445 2578 798 2656 septorarn‘ingeasrs
814 2597 855 2639 eo
869 2583 1025 2658 pauciora
1043 2578 1157 2641 adesse
1172 2582 1216 2640 ait
1224 2621 1235 2654 ,
1257 2582 1330 2661 quo

279 2673 381 2752 magis
400 2668 506 2728 lentes
526 2665 570 2727 ad
588 2667 725 2728 formam
745 2669 946 2750 sphaericam
967 2669 1147 2744 accedunt,
1171 2675 1217 2732 ita
1234 2685 1272 2731 ut
1290 2674 1331 2732 in

280 2761 378 2824 lente·
388 2759 532 2821 humana
545 2773 632 2831 octo,
645 2762 681 2818 in
694 2759 784 2822 lente
798 2761 921 2824 bouilla
933 2782 999 2837 ses,
1015 2768 1052 2825 in
1064 2762 1163 2824 oculo
1174 2762 1332 2842 leporum

278 2869 422 2934 quatuor
439 2867 566 2914 tantum
581 2855 824 2930 conspiciantur
835 2852 1017 2928 intervalla·
1055 2852 1331 2934 Unumquodque

277 2942 396 3005 horum
410 2958 653 3025 segmentomm
667 2944 766 3023 (quae
784 2943 881 3008 Reii
900 2944 1062 3008 lateralia
1079 2946 1168 3024 dicit)
1181 2961 1332 3026 praeter·

280 3055 321 3096 ea
341 3035 411 3098 aliis
432 3036 529 3115 septis
556 3033 773 3094 circularibus
798 3035 955 3096 ambitum
975 3036 1073 3098 lentis
1096 3043 1331 3100 circumeunti·

278 3123 340 3186 bus
359 3129 486 3186 iterum·
499 3123 653 3186 dividitur
672 3129 709 3185 in
727 3124 837 3205 plures
860 3126 1012 3203 laminas,
1033 3150 1118 3210 quae
1140 3153 1159 3192 a
1179 3132 1333 3210 complu·

275 3217 364 3280 ribus
384 3217 521 3279 lamellis
540 3220 706 3300 primitivis
722 3232 756 3279 et
774 3218 974 3300 simplicibus
988 3221 1050 3282 sibi
1062 3227 1201 3283 invicem
1215 3221 1331 3285 adfixis

174 3378 179 3388 ι
273 3311 478 3381 formantur,
507 3324 541 3370 et
564 3309 740 3371 idcircoa
765 3309 910 3390 Reilio
942 3316 1126 3393 composita
1155 3326 1329 3378 vocantur.

276 3401 440 3482 Quaeque
460 3398 561 3463 fibrae
582 3402 727 3464 lamellas
749 3402 952 3485 singulorum
972 3417 1214 3488 segmento'rum
1235 3427 1332 3469 conr·

274 3508 421 3574 ponunt,
440 3497 528 3554 inter
546 3513 581 3555 sa
599 3492 734 3555 firmiter
748 3492 943 3569 cohaerent,
964 3501 1071 3557 minus
1084 3516 1162 3560 vero
1175 3519 1216 3559 eo
1228 3498 1330 3573 loco,

274 3583 331 3644 ubi
351 3600 518 3668 segmenta
539 3591 728 3667 gignuntur.
772 3586 943 3649 Praeterea
967 3589 1049 3650 alias
1071 3608 1206 3669 quoque
1222 3586 1330 3652 fibrae

220 3658 229 3757 l
274 3674 315 3736 ab
335 3676 438 3737 altero
457 3693 626 3760 segmento
642 3694 675 3740 ct
692 3677 814 3739 lamina
830 3683 1009 3761 composita
1026 3679 1069 3742 ad
1087 3680 1225 3741 alterum
1238 3678 1330 3743 obli·

308 3933 339 4004 ι)
363 3932 489 4008 Sattig
534 3932 641 3990 raasirle
663 3938 750 3993 Rsil
777 3938 951 3998 Dissertatio
971 3941 1005 3997 ds
1028 3941 1114 3998 leutii
1137 3940 1324 4016 crystallinae

340 4014 481 4056 structura
497 3951 610 4058 liliosa.
644 4005 837 4082 11211201794.
1214 4017 1218 4026 '

310 4070 343 4139 a)
362 4070 395 4123 M
402 4067 506 4150 selsel
530 4072 563 4125 in
588 4087 649 4126 not.
674 4074 709 4126 ad
728 4076 875 4133 Curias·
891 4077 1056 4152 Vergleich.
1072 4082 1216 4134 aaaron:
1234 4080 1270 4134 Τ.
1291 4097 1321 4138 a.

339 4155 367 4212 p.
381 4146 448 4206 424,
469 4138 554 4193 alsam
572 4140 652 4196 affert
668 4144 862 4215 conjecturam
879 4158 914 4202 ex
930 4144 1052 4203 Railii
1070 4147 1155 4204 libro.
1179 4167 1196 4216 ⁰·
