2666 4946
331 426 378 468 on
408 424 708 474 nnnrnrrorrr.
979 413 1042 479 179

4 578 103 641 iterun
119 580 231 641 finem
251 591 399 641 tentatum
420 593 467 641 ert
489 582 570 642 alind
590 581 786 658 medicamen,
811 582 964 644 hirudines
982 588 1042 645 rci-
1125 620 1129 629 ·

4 679 67 738 icet
94 681 187 739 oculis
215 681 342 758 odJeeti,
370 691 459 758 atque
487 684 622 758 pulverer
649 683 832 741 resolventes
864 683 1041 761 pdnloeqne,

4 796 117 855 prorum
145 778 226 837 brrir
253 781 364 860 gorumi
391 798 445 838 oro
471 779 581 839 foetida
609 780 702 839 fairre
730 779 846 844 dicitnr.
894 779 1041 864 Deniqre,

4 895 168 955 pnrraannr
193 880 258 937 rina
279 881 342 938 ulla
370 896 526 951 racemo,
554 897 606 955 per
627 879 747 956 aliquod
768 888 881 956 tempor
903 889 1040 958 expertur
1130 912 1133 921 ,

4 984 40 1032 ert
59 974 108 1033 hic
126 977 243 1052 Juvenir
265 975 377 1035 ehinini
398 986 430 1035 et
449 978 521 1036 ralir
541 979 676 1036 rolrtiiir
697 995 788 1036 corna
810 976 890 1036 cerri
910 979 981 1040 vim.

80 1073 184 1134 Tertio
204 1076 272 1134 loco
294 1075 408 1155 agimur
430 1075 466 1134 de
487 1077 603 1156 virgine
624 1075 752 1152 cjnrdem
772 1076 901 1134 familiae
922 1076 1040 1135 circiter
1125 1105 1131 1109 ·

4 1171 103 1251 iginti
122 1191 216 1234 annor
237 1182 325 1247 nata,
352 1175 416 1232 miti
438 1184 524 1251 atque
546 1176 630 1232 rnavi
648 1175 786 1254 ingenio,
812 1175 925 1247 minor,
952 1192 1039 1252 quom

4 1272 26 1343 ἰ,
56 1270 95 1329 de
116 1262 220 1349 quib'nr
239 1275 358 1348 jamjam
380 1270 522 1346 diximus,
550 1271 706 1330 laborante
730 1269 787 1345 hoe
813 1275 877 1350 ipro
891 1332 892 1339 χ
905 1270 1038 1332 hemera-

4 1368 89 1445 opiae
109 1368 219 1432 morbo.
263 1368 344 1427 Hinc
366 1371 454 1428 etiam
474 1366 519 1445 fit,
540 1379 575 1427 ut
598 1378 662 1429 cnm
684 1370 749 1427 inea
771 1354 845 1428 rdtir
866 1370 941 1428 bene
963 1389 1036 1429 con-

3 1469 117 1542 picino,
147 1463 285 1545 q'uicquid
313 1469 407 1526 oenlir
436 1468 612 1545 objiciatur,
643 1466 716 1526 adeo
744 1467 881 1544 quidem,
908 1476 942 1526 ut
970 1469 1035 1529 aine
1086 1516 1090 1522 ,

4 1567 50 1623 ila
71 1566 223 1624 oculorum
245 1575 411 1639 armatura,
434 1584 524 1642 opera
545 1564 682 1626 conficiat
702 1575 766 1623 tom
785 1565 866 1640 picta
887 1584 951 1642 acu,
973 1575 1036 1624 tum

4 1673 139 1736 anterio,
160 1681 199 1723 ne
214 1663 335 1747 minino
358 1661 472 1741 quidem
494 1664 644 1723 oculorum
666 1663 768 1721 doiore
788 1673 911 1740 vexata3
935 1665 1036 1740 rpien·

4 1780 57 1819 ore
91 1762 179 1821 lunae
210 1764 329 1840 propiur
362 1762 532 1839 adjacenter,
562 1781 609 1820 rer
641 1762 684 1820 ito
712 1763 892 1839 conrpioiat,
923 1771 958 1820 ut
985 1762 1035 1819 val

4 1868 81 1936 proin
103 1858 259 1917 earundem
287 1860 410 1939 formam
438 1861 500 1920 fere
527 1863 675 1937 percipere
703 1871 750 1934 et,
780 1861 912 1918 candelio
939 1860 1036 1937 iisqne

4 1960 60 2015 atir
81 1957 188 2015 lucidis
210 1958 361 2031 nocearis,
391 1958 493 2016 literar
522 1959 622 2039 legere
652 1967 747 2035 queat.
791 1957 937 2017 Tenebris
962 1976 1034 2015 vcro

4 2055 171 2114 ircumfurir
193 2057 312 2114 omnino
337 2065 420 2112 caret
439 2058 521 2127 vira,
549 2042 595 2113 nti
622 2056 710 2112 etiam
736 2064 860 2133 uterque
881 2057 908 2113 ir
933 2075 1034 2137 aeger,

4 2175 20 2213 c
55 2174 113 2232 quo
144 2162 232 2211 antea
265 2153 406 2226 dirime,
435 2152 566 2211 interdiu
597 2155 630 2212 in
661 2154 728 2215 loco
759 2155 863 2232 quovis
898 2155 1032 2218 obscuro.

4 2254 98 2311 telier
120 2262 219 2310 tamen
241 2268 327 2327 qnam
348 2252 487 2326 pinrimar
508 2251 609 2309 videre
629 2250 787 2315 contendit.
822 2250 956 2313 Ceterum
977 2253 1034 2313 hoo
1123 2268 1127 2275 ·

4 2350 115 2409 officiat
134 2351 293 2424 monuirre,
320 2358 355 2407 ut
375 2350 406 2406 in
429 2351 599 2408 universum
620 2351 731 2425 optima
752 2351 880 2429 gandeat
901 2356 1032 2431 eorporir

4 2449 165 2521 uetudine,
188 2467 283 2525 neque
305 2448 453 2506 laborasse
474 2448 589 2506 diecmr
610 2449 672 2506 ullo
694 2450 754 2507 alio
777 2450 926 2508 oculorum
942 2453 1032 2527 malo,

4 2557 108 2626 [cepta
128 2547 227 2605 iritide
248 2544 443 2623 idiop'othica,
466 2565 525 2624 qna
544 2563 683 2623 opprerra
703 2547 820 2605 videtur
839 2548 933 2606 fuirre
953 2568 1033 2609 anno

4 2646 94 2706 etatir
120 2663 190 2702 rnae
211 2643 273 2702 fere
295 2644 406 2703 decimo
429 2654 551 2728 quarto,
575 2645 646 2705 licet
665 2655 696 2702 et
717 2643 765 2702 hie
780 2645 898 2704 morbur
920 2649 1032 2705 nnllam

4 2746 106 2805 mnino
138 2745 302 2802 exseruerit
328 2744 387 2801 vim
413 2744 446 2800 in
475 2744 558 2800 illem
586 2741 801 2821 hemeraiopiae
825 2744 1033 2806 ‘conditionem

4 2845 75 2905 »liro
92 2841 178 2902 modo
202 2842 403 2905 obtinentem·
427 2840 532 2919 Neqne
550 2840 743 2901 animadverti
762 2852 860 2920 potent
880 2845 940 2902 alia
961 2865 1032 2905 oeu-

4 2962 80 3003 ·rurn
112 2940 242 3001 wnditio
275 2957 294 2998 o
318 2941 437 3019 volgari
466 2940 696 3000 conforrnatione
722 2942 874 3002 reeedm
914 2942 1030 3021 Pupnia

4 3062 46 3103 aee
72 3056 107 3100 er
129 3035 191 3113 orta
219 3039 313 3115 qratia
336 3040 413 3097 colet
434 3058 501 3099 erro
521 3042 555 3100 in
578 3039 673 3098 ocnlir
702 3041 801 3114 renio,
827 3058 949 3118 verpere
977 3063 1031 3102 an·

4 3160 42 3201 m
63 3146 97 3197 et
116 3139 150 3194 in
174 3138 249 3197 locir
277 3137 408 3197 obremir
434 3138 533 3218 magio
561 3138 755 3212 expanditur,
782 3157 870 3218 qnam
898 3140 1031 3220 alioquin

4 3260 20 3303 ι
68 3234 295 3315 Medicmentir
316 3237 435 3298 omnino
455 3237 546 3302 nullir
567 3254 622 3295 nro
649 3235 793 3297 orthaea
819 3240 906 3317 virgo
934 3258 1030 3317 naqre

4 3338 11 3401 Ι
35 3338 171 3413 iprortnn
193 3337 342 3413 oculorum
363 3338 641 3414 praepertinercnt
662 3338 855 3410 renationem,
877 3354 973 3415 neque
993 3337 1031 3395 rd

4 3448 78 3497 tom
98 3452 204 3511 corpor
225 3438 300 3512 pirro
321 3444 499 3511 spectarent.
553 3432 712 3494 Oculorum
735 3445 831 3493 auten
844 3435 899 3492 ·vir
920 3435 1030 3494 indor

4 3537 78 3595 ima
97 3542 193 3592 rotate
215 3534 286 3593 talia
306 3533 381 3608 frit,
410 3535 507 3611 porlir
528 3541 559 3591 ct
580 3550 662 3592 nnnc
682 3543 737 3597 cre
841 3556 845 3561 ·
946 3612 947 3619 ἵ

65 3631 143 3692 'i'rer
170 3649 243 3693 vero
266 3632 312 3691 ilii
335 3630 452 3712 aegroti
477 3618 550 3690 lrr'ec
576 3630 687 3691 habent
712 3633 793 3691 inter
820 3650 854 3690 re
881 3642 1031 3712 tamqnam

4 3732 161 3795 maniat
188 3729 282 3790 dovor
309 3731 433 3804 erpilior
455 3741 486 3789 et
506 3729 609 3789 iridem
632 3733 806 3795 mean.
849 3729 1028 3812 Magnitudo
1072 3780 1075 3789 ,

4 3833 133 3891 ulornrn
158 3829 201 3886 itr
222 3837 391 3906 comparata
415 3837 477 3903 ert,
500 3828 738 3906 quemadmodum
757 3833 927 3910 plerumque
950 3831 1029 3890 rolet

3 3949 55 4001 re,
79 3936 111 3985 et
131 3926 275 4003 reprobe
296 3928 459 4004 explorata,
481 3917 654 4005 quamquam
675 3926 889 3990 obscurationir
910 3929 1029 4009 rignum

4 4027 99 4109 [quod
120 4041 182 4083 non
205 4026 384 4104 conopicitnr
404 4027 437 4083 in
457 4025 530 4102 iprir
552 4026 662 4100 oculis,
687 4035 786 4087 tamen
813 4029 933 4090 obtutur
963 4028 1029 4105 qni·

4 4147 42 4186 m
65 4124 217 4187 oculorum
238 4125 322 4204 itque
342 4123 499 4204 languidur
523 4124 635 4203 aliquid
664 4126 825 4207 ringnirrir
852 4129 885 4186 in
913 4146 947 4186 re
974 4125 1029 4186 hr-

4 4246 45 4287 re
64 4224 201 4299 videtin,
227 4226 296 4304 qni,
323 4241 387 4284 eon
415 4232 562 4302 tamqnam
590 4225 725 4303 proprior
747 4224 888 4300 illinit,
917 4227 1030 4287 dereri-
