2762 4960
292 394 473 441 matuta
506 394 882 446 cuntramnu-
1051 412 1096 473 ω

69 552 106 610 rit
124 556 303 620 ammo,
318 562 433 610 tamen
452 566 586 609 necesse
607 566 674 609 otte
693 564 862 629 putarent,
881 536 994 636 partim
1009 564 1052 623 ad
1065 568 1100 626 id

67 637 292 725 provocando,
310 639 406 717 quod
417 638 564 718 reliquae
576 655 684 719 partes
696 650 836 720 corporis
848 664 919 707 nou
931 655 994 711 hisi
1007 674 1100 717 vaso·

67 751 132 791 ruau
159 751 232 809 upa
252 729 432 804 alerentur,
473 737 589 810 partim
616 731 659 790 ed
685 749 866 796 metastasas
892 746 1099 818 quorundam

68 822 272 892 morborum,
303 818 420 900 quibus
448 820 519 882 lens
542 839 590 882 est
617 821 773 899 obnoxia,
800 827 942 909 denique
965 834 1006 892 ad
1029 838 1098 913 ejus

67 912 311 985 obscurationes
345 912 519 985 nonnullas
544 916 793 981 medicaminum
828 937 887 977 usu
914 930 1099 1006 sanatar1).

68 1003 157 1080 Quae
179 1006 291 1062 omnia
313 1016 439 1083 autem,
459 1003 510 1062 vel
531 1005 623 1065 nullo
639 1024 786 1065 vasorum
805 1025 890 1067 nexu
910 1017 1037 1091 posito,
1060 1023 1098 1080 in

64 1099 208 1172 proxima
223 1098 370 1155 sectione
384 1094 541 1175 explicare
556 1096 730 1158 studemus.

136 1368 196 1428 Hir
214 1371 311 1447 ipsis,
343 1386 426 1446 quae
448 1373 673 1448 supraposui,
700 1372 774 1428 satis
795 1369 954 1443 indicasse
973 1376 1094 1456 ridear,

64 1478 133 1523 non
150 1463 271 1540 magia,
292 1478 391 1536 quam
411 1464 495 1519 inter
510 1460 671 1540 capsulam
689 1474 722 1518 et
739 1461 877 1534 lentem,
897 1470 932 1524 iu
948 1467 1099 1534 substan.

63 1554 109 1611 tia
122 1550 215 1610 lentis
230 1567 306 1609 vasa
322 1567 390 1608 esse
409 1568 503 1627 posse
523 1549 566 1627 (h.
582 1572 609 1611 e.
627 1549 753 1610 canales
766 1553 1007 1637 membranusos
1021 1559 1096 1623 Hui.
1124 1558 1127 1569 '

7 1688 8 1727 3
68 1643 146 1702 dum
161 1639 281 1722 aliquid
295 1644 522 1721 continentes),
539 1663 622 1724 quae
638 1641 932 1725 cl.wa11har¹),
952 1659 1095 1729 quamvis

7 1760 9 1811 ᾗ
67 1739 152 1794 inter
169 1731 330 1811 capsulam
351 1746 383 1793 et
400 1731 521 1793 lentem
542 1733 724 1792 deficientia
744 1730 831 1792 haud
849 1754 966 1819 neget,
995 1744 1094 1804 stabi.

7 1888 8 1901 ,
66 1825 142 1887 livit.
194 1820 410 1883 Resorbentia
445 1838 477 1882 et
507 1821 685 1883 exhalantia
719 1824 859 1904 appellat
894 1827 974 1891 haec
1005 1856 1090 1909 vasa,

64 1936 167 1998 quae,
192 1920 239 1974 uti
258 1929 386 1988 censet,
407 1935 483 1976 nou
511 1935 548 1974 ex
576 1914 705 1974 arbitrio
731 1923 914 1996 supposita,
939 1923 997 1982 sed
1022 1930 1092 2004 ipsa

7 2058 8 2065 ,
64 2009 157 2068 lentis
175 2009 349 2067 nutritione
370 2022 402 2067 et
420 2010 572 2068 materiae
590 2008 770 2066 mutatione
791 2010 998 2088 comprobata
1018 2021 1093 2082 rint.

7 2166 8 2169 Ἴ
62 2100 184 2163 Verum
200 2110 309 2159 tamem
328 2101 375 2157 tic
394 2117 526 2178 quoque
546 2094 669 2174 aliquid
689 2098 892 2174 conjecturae
910 2101 1038 2178 subest,
1057 2113 1093 2167 in
1117 2174 1120 2179 ,

58 2211 162 2272 vquum
182 2187 290 2249 eadam
309 2189 436 2269 valent,
459 2202 543 2268 quae
563 2192 597 2247 in
615 2190 663 2264 ξς.
685 2191 830 2250 anteced.
852 2190 959 2263 attuli,
979 2198 1093 2273 itaque

62 2303 105 2342 eo
125 2287 196 2360 ipso
215 2297 273 2356 pro
286 2299 368 2339 vana
388 2295 434 2339 est
452 2277 625 2339 habendu·
652 2280 772 2341 Verum
789 2287 911 2341 etiamsi
927 2281 992 2342 fide
1009 2303 1092 2348 esset

61 2372 180 2454 digna,
213 2367 435 2429 difficillimum
453 2392 531 2430 sane
553 2372 639 2431 forat
660 2373 841 2453 analogiam
861 2374 1001 2453 aliquam
1023 2382 1092 2436 viu·

61 2463 180 2533 dicare,
217 2459 299 2538 Quis
319 2465 406 2518 enim
425 2466 460 2519 iu
480 2467 666 2543 organirmis
692 2476 804 2525 revera
821 2485 969 2525 vasorum
992 2482 1092 2548 syste-

62 2570 142 2615 mate
159 2552 315 2630 praeditis
335 2551 437 2611 simile
457 2551 678 2612 demonstrare
696 2570 804 2633 postet
822 2554 1089 2633 phaenomenon,

60 2646 177 2707 scilicet
198 2663 299 2702 unam
320 2661 338 2700 e
358 2641 463 2700 multis
482 2656 607 2718 partem
628 2649 801 2721 organismi
822 2644 1016 2718 disjunctum
1034 2643 1092 2703 ha·

62 2736 136 2798 here
150 2734 356 2796 vasculorum
376 2748 532 2813 systema,
558 2748 594 2793 et
618 2751 746 2809 prorsus
774 2731 813 2790 ab
835 2733 936 2791 altero
963 2751 1022 2809 per
1041 2750 1091 2793 to-

62 2842 124 2887 tum
151 2845 272 2906 corpus
303 2822 471 2883 distributo
498 2837 688 2904 separatum.
719 2823 836 2900 'Quod
868 2822 999 2902 quidem
1026 2838 1092 2884 tam

61 2922 245 2997 proposito,
274 2933 387 2992 -quem
404 2910 526 2976 habant
551 2930 624 2977 vata
650 2919 685 2973 in
711 2912 875 2974 altioribus
904 2915 1091 2976 animalium

61 3007 242 3090 generibus,
263 3001 338 3075 fini,
359 3024 455 3080 quam
475 3009 674 3066 necessariae
695 3009 992 3065 communicationis
1012 3006 1089 3089 legi,

63 3097 201 3177 denique
230 3100 260 3155 ei
284 3114 467 3175 repugnare
491 3096 618 3156 videtur
642 3095 728 3175 legi,
759 3116 822 3175 qua
842 3095 941 3166 fluida
965 3101 1000 3155 in
1027 3096 1089 3155 illia

62 3185 353 3260 circumvehantur,
368 3181 500 3248 necesse
514 3203 569 3248 est.
610 3187 698 3264 Quin
718 3205 760 3244 ne
782 3206 818 3246 ea
841 3188 971 3267 quidem
990 3193 1091 3248 inter-

59 3280 206 3359 pretandi
224 3281 325 3350 ratio,
348 3298 432 3362 quae
452 3283 657 3339 nutritionem
677 3281 710 3357 iu
729 3274 792 3337 hoc
809 3279 956 3352 sejuncto
976 3300 1089 3339 vascu-

59 3369 162 3433 lorum
184 3383 354 3451 systemate
379 3376 554 3450 pariterue
579 3372 613 3426 in
632 3367 750 3445 plantis
769 3367 838 3428 fieri
859 3367 1028 3447 perhibet,
1059 3380 1103 3444 et,

59 3464 91 3521 in
109 3460 303 3522 animalibus
310 3501 322 3532 ,
348 3459 520 3542 inquibus
541 3458 649 3518 nullus
672 3479 840 3519 succorum
860 3450 1011 3518 decursus
1033 3460 1092 3514 cir·

7 3554 8 3557 ’
61 3553 173 3611 culatis
194 3546 407 3627 conspicitur,
429 3553 546 3611 sufficit
563 3549 669 3611 nobis.
707 3538 755 3609 Ita
780 3555 866 3610 enlm
885 3550 935 3610 res
957 3549 997 3608 e'o
1017 3568 1091 3626 per·

7 3708 8 3717 ¹
59 3646 165 3703 reniet
191 3656 326 3702 necesse
353 3656 418 3716 est,
438 3659 485 3707 ¹ut
510 3643 580 3703 lens
606 3641 787 3725 crystallina
812 3660 872 3721 pro
901 3637 1032 3700 animali
1056 3643 1092 3700 iu

7 3880 9 3909 ξ
86 3929 119 3999 ι)
135 3922 365 3983 Auteurieth
380 3920 542 3979 Handhueh
558 3923 586 3979 d.
599 3921 762 4003 ampiritclt.
774 3915 1087 3993 menschlichfflhysio·

116 3994 208 4068 logie·
235 3992 290 4053 ui.
305 3999 333 4056 5·
353 4010 382 4063 P·
397 3997 457 4064 958·

84 4096 117 4166 ι)
133 4098 208 4150 Loc.
227 4094 307 4154 citat.
326 4111 355 4168 p.
370 4099 411 4160 ιθ.

752 4191 823 4251 Da
