2762 4960
283 408 286 413 ⁴
317 402 491 453 turture
518 403 888 461 curerattruau.
1054 393 1111 463 -61

75 564 330 648 perfectissimo,
348 566 448 645 magis
468 566 679 644 vegetativam
699 562 787 646 degit
800 569 909 648 vitam,
928 588 1019 629 mora
1038 587 1115 631 roo·

76 657 258 740 phytorum
264 686 286 731 ,·
296 675 360 717 nec
378 653 648 717 nisi'membranis
662 675 739 719 ,eam
754 656 957 738 cingentibus
971 673 1044 719 cusu
1064 679 1116 720 re·

74 747 299 830 liquo-oculo
321 761 354 806 et
374 761 443 806 toto
466 764 603 825 corpore
622 750 841 820 connectitur,
862 762 896 811 et
914 748 955 809 ab
975 754 1117 823 iis‚acci·

76 846 124 918 pit
145 843 324 900 materiam
345 838 527 915 plasticam,
539 874 544 881 ·
558 855 620 916 qua
644 835 689 896 ad·
707 840 1117 907 continuamvitaemeta·

75 929 279 1012 morphosin
289 927 346 986 ,illi
361 946 442 1005 opus
459 940 520 1000 est;
531 940 573 986 -et
587 923 627 985 ab
645 923 853 1008 hacquoque
865 946 956 1010 parte
972 920 1118 1014 compross

77 1023 155 1096 bat,
175 1041 248 1102 quo
266 1017 342 1092 fiat,'
358 1033 395 1078 ut
409 1023 503 1078 etiam
520 1022 555 1077 in
567 1014 726 1079 morbosis
746 1020 975 1086 mutationibus
994 1018 1116 1086 tantam

78 1133 98 1177 s
111 1128 345 1188 totocorpore
354 1109 429 1170 ·-sibi
441 1109 584 1169 vindicet
594 1112 852 1184 immunitatem,
872 1131 944 1171 curu
956 1131 1065 1194 neque
1077 1114 1117 1173 il·

78 1203 141 1265 lius
153 1205 353 1263 mutationes
368 1220 437 1260 mox
454 1221 472 1259 a
485 1198 620 1278 reliquis
627 1202 754 1279 organis
765 1205 993 1280 percipiantur,
1006 1222 1116 1285 nequa
1125 1214 1133 1236 ‘-

6 1308 7 1311 ’
80 1291 204 1355 horum
215 1295 408 1355 mutationes
422 1290 518 1368 facile
532 1290 574 1355 ad
587 1309 659 1355 eam
672 1293 905 1355 transferantur
922 1290 959 1367 ¹).
978 1322 1015 1337 -
1035 1292 1117 1357 Con-

6 1426 7 1435 *
81 1388 234 1463 sequitur
259 1381 405 1462 denique
427 1401 465 1442 er
482 1379 574 1442 ‘hisce
592 1379 741 1446 omnibus
760 1379 882 1440 lentem
903 1380 1117 1463 mystslliuam

6 1470 7 1477 '
83 1475 146 1548 ali,
167 1472 201 1534 h.
223 1471 447 1551 e.·reproduci
459 1474 591 1550 propria
604 1472 823 1551 sua-energia,
843 1490 949 1551 aequa
962 1492 1000 1532 ac
1017 1471 1120 1556 hyda-
1225 1470 1233 1485 ³

84 1567 184 1639 tides,
195 1577 421 1643 praeterquam
432 1561 521 1642 zquod
532 1580 599 1627 non
614 1559 754 1621 eundem
767 1559 1031 1627 individualitatis
1045 1587 1117 1649 prs-

90 1658 171 1721 aum
182 1668 335 1735 occupat,
356 1673 452 1734 quam
466 1652 553 1726 illae,
572 1651 732 1734 siquidem
748 1657 845 1713 totius
857 1660 1030 1736 organismi
1046 1677 1117 1736 pars

91 1763 139 1810 est
156 1751 299 1829 integra,
311 1760 353 1805 ct
373 1742 504 1824 capsula
522 1763 580 1803 sua
596 1741 796 1822 aliquantum
816 1742 959 1806 adhuca
980 1766 1119 1828 corpore

87 1841 147 1901 illo
168 1836 352 1918 dependet,
374 1839 426 1895 cui
443 1848 490 1895 est
511 1833 613 1899 affixa.
651 1832 740 1912 Quin
758 1855 802 1897 ne
820 1834 1025 1899 imbibitione
1045 1842 1122 1920 quin

87 1933 178 2006 dem,
198 1925 460 2011 quamnonnulli
471 1940 611 1991 statuere
626 1930 735 1985 conati
747 1942 833 2001 sunt,
853 1948 934 2005 opus
949 1929 1052 1989 estad
1065 1951 1118 1995 ex·

83 2023 280 2105 plicandum·
295 2018 383 2083 hunc
400 2020 585 2087 nutritionis
605 2014 756 2088 modum,
775 2018 936 2099 siquidem
954 2019 1025 2080 talis
1043 2021 1119 2082 lun.

85 2121 155 2178 ctio
176 2133 300 2193 semper
318 2114 447 2191 organis
464 2105 656 2188 quibusdam
675 2107 802 2189 indiget
806 2150 823 2195 ,ι
840 2109 947 2190 qualia
966 2124 1041 2171 sunt
1060 2111 1119 2173 illa

87 2205 223 2278 oscula,
242 2222 321 2284 quse
335 2206 371 2261 in
391 2196 609 2261 echiuococco
628 2193 770 2261 humano
786 2214 818 2260 et
836 2206 1053 2263 veterinorum
1061 2223 1118 2271 re-

87 2299 273 2377 periuntur,
291 2312 375 2375 quae
388 2307 497 2352 tamen
510 2288 659 2357 animalis
673 2289 740 2365 jam
754 2289 900 2351 altiorem
912 2293 1117 2357 formationis

86 2385 229 2471 gradum
246 2398 372 2456 tenent,
395 2401 502 2462 quam.
511 2379 778 2461 simplicissimum
796 2380 880 2451 illud
901 2382 1039 2455 animal,
1059 2381 1124 2465 hya

87 2480 173 2541 datis
191 2477 312 2547 scilicet
331 2473 477 2558 globosa.
526 2472 653 2553 Quodsi
673 2485 782 2532 autem
802 2476 873 2550 quis
892 2476 1117 2547 sciscitaretur,-

88 2587 264 2650 quemnam
284 2572 321 2627 in
338 2563 472 2627 modum
493 2559 574 2624 haec
594 2565 711 2625 suimet
729 2562 828 2640 ipsius
849 2563 1120 2641 reproductiogap

86 2655 383 2723 nutritioinlente
403 2657 443 2713 sit
464 2654 566 2725 iaus,
587 2650 808 2716 confitendum
823 2650 903 2713 mihi
924 2657 1117 2732 secutique,

86 2769 158 2813 uon
166 2752 271 2830 inagis
283 2747 409 2827 liquere
419 2742 494 2816 hoc,
515 2762 623 2824 quam,
641 2740 808 2821 quomodo
823 2742 1031 2813 omuino-vita
1043 2760 1121 2821 pro·

89 2841 244 2912 ducatu,
264 2851 299 2897 st
310 2834 478 2917 quomodo
494 2852 640 2912 pervasa
655 2850 833 2911 corruitque
849 2830 1033 2897 functiones
1048 2847 1120 2897 tan·

88 2930 164 2991 dein
178 2932 327 2989 omnium
346 2943 542 3006 organorum
559 2920 615 2982 fiat
632 2927 802 2984 restitutio.
838 2920 966 2983 Scilicet
985 2921 1049 2985 hoc
1065 2945 1119 2986 re-

88 3019 270 3100 petendum
285 3032 363 3079 esta
377 3023 408 3078 vi
421 3019 587 3076 universae
603 3016 921 3077 naturaeformativs
938 3017 974 3077 in
985 3013 1119 3096 lympha

89 3108 304 3192 coagulabili,
338 3105 389 3167 ab·
403 3104 516 3166 indole
540 3119 676 3166 naturae
703 3108 847 3169 animalis
872 3124 947 3167 vere
971 3106 1119 3183 plastim,

84 3206 188 3286 auant
198 3200 333 3261 ulterius
347 3195 490 3256 dividere
505 3210 538 3256 et
551 3194 685 3258 definire
697 3204 778 3258 vires
795 3198 919 3259 excedit
929 3212 1064 3260 nostras.
1078 3230 1127 3261 -1

85 3294 224 3372 Jamque
241 3293 311 3368 ipsa
327 3286 503 3367 teleologia
517 3305 555 3345 ex
568 3281 635 3359 his,
656 3306 740 3367 quae
759 3292 1002 3369 proposuimus,
1023 3290 1129 3360 «ΜΞ-ιΙ

86 3397 161 3466 gat,
179 3384 317 3442 maxime
334 3382 547 3455 necessariam
562 3396 631 3441 esse
647 3377 701 3451 vel
715 3380 757 3439 ad
770 3381 953 3451 motiones
966 3379 1062 3440 lentis
1081 3384 1129 3445 iu.

88 3472 189 3537 oculo
210 3471 322 3551 quoad
340 3490 470 3531 sensum
489 3467 666 3546 simplicem
688 3466 872 3547 hujusmodi
890 3470 1119 3532 formationem

86 3566 282 3646 primitivam
287 3603 299 3636 ,
325 3565 361 3622 in
384 3580 448 3645 qus
470 3573 576 3638 partes
601 3560 773 3641 multiplici
796 3559 897 3631 modo
920 3562 1120 3641 compositae

87 3676 159 3723 non
175 3656 242 3734 jam
256 3655 506 3732 conspiciantur.

87 3830 408 3861 mann-—

120 3971 217 4044 synd
231 3956 427 4044 pathologiani
437 3967 566 4043 spectat:
579 3969 750 4026 haric‘lentis
764 3928 1038 4044 crystallinse'vitsrn
1051 3987 1116 4043 pro0

126 4046 130 4054 '
152 4040 248 4114 priam
267 4053 294 4091 et
310 4037 428 4092 liberam
444 4039 476 4090 in
492 4039 573 4093 nullo
590 4039 647 4093 alio
661 4057 766 4112 organo
781 4039 966 4114 perspicuam.
983 4055 1018 4095 ex
1029 4052 1115 4092 meta·

150 4104 359 4180 morphosibus
373 4106 435 4177 ejus
451 4106 592 4162 morbosis
608 4108 802 4185 comprobare.
873 4179 876 4184 ι
