2728 4960
200 334 390 411 Jarcun
422 353 483 401 nu
517 350 910 403 unnaronrxrnru
1008 365 1075 432 ¹77

60 516 201 593 pressione
221 514 339 593 positas
362 514 500 573 incusari
530 525 695 591 oportere3
729 531 829 592 quare
854 514 982 578 meliori
1008 542 1076 583 me·

18 680 19 689 ἵ
61 602 139 668 thodo
156 605 359 666 infestiorem
378 623 632 684 praeponerem,
653 621 722 664 non
742 602 847 664 video.

115 697 256 770 Accedit,
278 695 368 776 quod
386 696 451 772 jam
474 695 727 755 demonstratum
748 710 805 767 est,
827 715 989 774 punctura
1005 725 1075 765 cor.

58 806 121 848 neae
136 789 314 849 laesionem
335 792 473 866 partium
494 786 580 847 oculi
600 785 799 846 nobiliorum
819 794 952 852 minime
968 801 1071 871 vitari,
1137 836 1144 853 1

60 884 119 958 quin
135 886 241 960 potius
261 879 312 939 vel
332 884 426 939 nimis
447 880 575 940 facilem
593 879 698 938 reddi.
724 880 836 940 Plures
856 881 921 941 vidi
942 884 1073 964 depree·
1093 932 1095 937 -

58 975 141 1032 tiones
165 993 226 1051 per
251 970 470 1041 scleroticam,
499 989 669 1048 nunquam
690 989 793 1041 -vero,
824 977 1069 1038 etsisuccessus

58 1069 231 1142 operationis
254 1077 396 1140 spectate
419 1077 595 1122 cataractae
616 1068 818 1134 remotione,
846 1078 973 1139 optatus
1001 1089 1071 1131 non

56 1156 145 1230 luerit,
185 1155 344 1233 ejusmodi
371 1152 566 1236 phlogosin,
600 1173 640 1213 eo
668 1157 773 1212 minus
803 1150 1069 1232 suppurationem

58 1262 98 1307 aut
112 1248 203 1326 plane
222 1251 350 1307 ruinam
371 1246 469 1321 oculi,
491 1267 562 1306 earn
581 1249 663 1305 sicut
680 1243 956 1326 lreratonyxidem,
976 1256 1070 1330 sequi

57 1346 122 1398 tertis
136 1360 218 1401 rum.
257 1341 438 1399 Paucorum
463 1354 591 1413 semper
621 1335 747 1395 dierum
766 1340 870 1414 spatio
890 1335 955 1396 levi
972 1338 1071 1400 rube-

58 1429 124 1504 dine,
143 1445 196 1490 aut
216 1444 249 1490 et
269 1427 580 1491 inflammatiuncule
598 1427 732 1488 vulnere
753 1427 969 1507 consolidato,
991 1453 1070 1492 ocu·

55 1519 92 1584 lue
109 1521 272 1584 convaluit.

110 1615 360 1675 Praesentiarum
386 1633 485 1692 porro
511 1611 642 1672 historia
670 1612 766 1672 docet
791 1611 967 1677 laesionem
988 1618 1070 1678 scle-

55 1711 150 1766 roticae
170 1721 203 1766 et
223 1704 420 1767 choroideae
433 1707 646 1784 depressionir
666 1704 725 1764 sub
741 1726 841 1786 opere
854 1711 1068 1769 necessariam

57 1811 107 1858 tam
126 1799 227 1858 levem
254 1817 341 1867 esse,
369 1797 499 1878 qualem
524 1796 772 1876 keratonyxidis·
789 1802 884 1857 amici
905 1818 975 1858 eam
996 1820 1067 1861 cor·

57 1907 120 1950 neae
142 1889 334 1950 defendunt.
392 1886 537 1948 Sufficiat
564 1886 650 1947 Prof.
669 1886 891 1947 Walterum
918 1889 1068 1953 adduxis-

57 2001 82 2041 te
97 1985 118 2062 ¹)
140 1987 193 2064 qui
216 1987 403 2061 nuperrime
428 1987 466 2058 34
487 1993 643 2040 cataracta
667 1977 860 2038 obcoecatus
881 1982 1067 2043 reclinatio·

56 2089 89 2131 tte
103 2090 151 2153 per
169 2073 389 2144 rclrroticam,
418 2072 510 2132 nulla
529 2091 674 2152 unquam
698 2068 953 2131 inflammatione
975 2092 1065 2151 spem

55 2163 190 2237 turbante,
211 2173 282 2226 visu
302 2159 445 2225 donavit.

116 2247 195 2335 Quae
216 2279 290 2318 curn
310 2262 354 2316 ita
374 2260 454 2325 sint3
476 2259 546 2334 quis
567 2251 651 2313 hanc
671 2273 801 2334 gravare
822 2250 963 2311 audeat?
983 2252 1064 2331 Quis

56 2365 114 2405 earn
130 2349 306 2423 emendare,
327 2352 437 2428 quisve
457 2349 492 2406 in
514 2365 551 2406 ea
570 2343 753 2424 subsequae
772 2341 969 2424 phlogoseos
993 2364 1063 2424 ger·

55 2457 115 2523 men
132 2462 281 2523 quaerere
300 2438 471 2520 susci1riat?

83 2667 105 2730 ¹)
121 2666 279 2742 Sdeburger
295 2667 396 2722 medic.
414 2665 542 2738 chirurg.
560 2663 656 2736 Zeitg.
674 2670 749 2729 ¹8²²·

49 4175 120 4231 lituu
135 4189 219 4255 script.
230 4188 383 4254 ophthalm.
395 4185 459 4235 min·
468 4187 488 4231 l·
