<?xml version="1.0" encoding="UTF-8"?>
<!DOCTYPE html PUBLIC "-//W3C//DTD XHTML 1.0 Transitional//EN"
    "http://www.w3.org/TR/xhtml1/DTD/xhtml1-transitional.dtd">
<html xmlns="http://www.w3.org/1999/xhtml" xml:lang="en" lang="en">
 <head>
  <title>
</title>
<meta http-equiv="Content-Type" content="text/html;charset=utf-8" />
  <meta name='ocr-system' content='tesseract 3.04.00' />
  <meta name='ocr-capabilities' content='ocr_page ocr_carea ocr_par ocr_line ocrx_word'/>
</head>
<body>
  <div class='ocr_page' id='page_1' title='image "./scriptoresophth00radigoog_0225.png"; bbox 0 0 2728 4960; ppageno 0'>
   <div class='ocr_carea' id='block_1_1' title="bbox 271 332 1139 420">
    <p class='ocr_par' dir='ltr' id='par_1_1' title="bbox 271 332 1139 420">
     <span class='ocr_line' id='line_1_1' title="bbox 271 332 1139 420; baseline 0.002 -23"><span class='ocrx_word' id='word_1_1' title='bbox 271 335 339 420; x_wconf 78' lang='lat'><strong>163</strong></span> <span class='ocrx_word' id='word_1_2' title='bbox 425 332 1139 406; x_wconf 61' lang='lat' dir='ltr'><strong>Janann1nnmnn0arorvrx1nn.</strong></span> 
     </span>
    </p>
   </div>
   <div class='ocr_carea' id='block_1_2' title="bbox 270 504 1284 1230">
    <p class='ocr_par' dir='ltr' id='par_1_2' title="bbox 270 504 1284 1230">
     <span class='ocr_line' id='line_1_2' title="bbox 270 504 1275 589; baseline 0 -18"><span class='ocrx_word' id='word_1_3' title='bbox 270 510 412 587; x_wconf 79' lang='lat' dir='ltr'><strong>humoris</strong></span> <span class='ocrx_word' id='word_1_4' title='bbox 440 508 538 589; x_wconf 89' lang='lat' dir='ltr'><strong>aquei</strong></span> <span class='ocrx_word' id='word_1_5' title='bbox 566 504 739 584; x_wconf 72' lang='lat' dir='ltr'><strong>dispendio</strong></span> <span class='ocrx_word' id='word_1_6' title='bbox 764 506 854 573; x_wconf 84' lang='lat' dir='ltr'><strong>illata</strong></span> <span class='ocrx_word' id='word_1_7' title='bbox 881 526 941 589; x_wconf 82' lang='lat' dir='ltr'><strong>acu</strong></span> <span class='ocrx_word' id='word_1_8' title='bbox 967 506 1127 585; x_wconf 78' lang='lat' dir='ltr'><strong>depressio</strong></span> <span class='ocrx_word' id='word_1_9' title='bbox 1140 514 1275 587; x_wconf 76' lang='lat' dir='ltr'><strong>repetita:</strong></span> 
     </span>
     <span class='ocr_line' id='line_1_3' title="bbox 271 599 1277 681; baseline 0 -21"><span class='ocrx_word' id='word_1_10' title='bbox 271 602 328 663; x_wconf 85' lang='lat' dir='ltr'><strong>sed</strong></span> <span class='ocrx_word' id='word_1_11' title='bbox 349 621 449 681; x_wconf 78' lang='lat' dir='ltr'><strong>opera</strong></span> <span class='ocrx_word' id='word_1_12' title='bbox 468 599 595 678; x_wconf 88' lang='lat' dir='ltr'><strong>perdita</strong></span> <span class='ocrx_word' id='word_1_13' title='bbox 602 640 613 671; x_wconf 87' lang='lat'><strong>,</strong></span> <span class='ocrx_word' id='word_1_14' title='bbox 637 601 794 679; x_wconf 72' lang='lat' dir='ltr'><strong>continuo</strong></span> <span class='ocrx_word' id='word_1_15' title='bbox 820 618 989 680; x_wconf 78' lang='lat' dir='ltr'><strong>resurgens</strong></span> <span class='ocrx_word' id='word_1_16' title='bbox 1016 599 1144 678; x_wconf 87' lang='lat' dir='ltr'><strong>planum</strong></span> <span class='ocrx_word' id='word_1_17' title='bbox 1157 602 1277 660; x_wconf 80' lang='lat' dir='ltr'><strong>inclina·</strong></span> 
     </span>
     <span class='ocr_line' id='line_1_4' title="bbox 272 687 1279 771; baseline -0.002 -17"><span class='ocrx_word' id='word_1_18' title='bbox 272 711 340 754; x_wconf 88' lang='lat' dir='ltr'><strong>tum</strong></span> <span class='ocrx_word' id='word_1_19' title='bbox 363 688 631 771; x_wconf 72' lang='lat' dir='ltr'><strong>retropupillam</strong></span> <span class='ocrx_word' id='word_1_20' title='bbox 654 689 798 756; x_wconf 80' lang='lat' dir='ltr'><strong>sistebat.</strong></span> <span class='ocrx_word' id='word_1_21' title='bbox 838 687 1030 751; x_wconf 70' lang='lat' dir='ltr'><strong>vehemens</strong></span> <span class='ocrx_word' id='word_1_22' title='bbox 1054 689 1279 768; x_wconf 74' lang='lat' dir='ltr'><strong>indeophthal·</strong></span> 
     </span>
     <span class='ocr_line' id='line_1_5' title="bbox 272 770 1281 860; baseline -0.003 -15"><span class='ocrx_word' id='word_1_23' title='bbox 272 790 356 846; x_wconf 88' lang='lat' dir='ltr'><strong>mitis</strong></span> <span class='ocrx_word' id='word_1_24' title='bbox 365 826 376 859; x_wconf 90' lang='lat'><strong>,</strong></span> <span class='ocrx_word' id='word_1_25' title='bbox 405 803 442 843; x_wconf 91' lang='lat' dir='ltr'><strong>ac</strong></span> <span class='ocrx_word' id='word_1_26' title='bbox 462 781 537 840; x_wconf 90' lang='lat' dir='ltr'><strong>hinc</strong></span> <span class='ocrx_word' id='word_1_27' title='bbox 557 779 648 839; x_wconf 90' lang='lat' dir='ltr'><strong>nullo</strong></span> <span class='ocrx_word' id='word_1_28' title='bbox 669 779 782 841; x_wconf 83' lang='lat' dir='ltr'><strong>labore</strong></span> <span class='ocrx_word' id='word_1_29' title='bbox 803 781 977 841; x_wconf 87' lang='lat' dir='ltr'><strong>avertenda</strong></span> <span class='ocrx_word' id='word_1_30' title='bbox 988 770 1177 860; x_wconf 68' lang='lat' dir='ltr'><strong>=suppuratio</strong></span> <span class='ocrx_word' id='word_1_31' title='bbox 1195 788 1225 842; x_wconf 90' lang='lat' dir='ltr'><strong>in</strong></span> <span class='ocrx_word' id='word_1_32' title='bbox 1242 804 1281 843; x_wconf 87' lang='lat' dir='ltr'><strong>ca·</strong></span> 
     </span>
     <span class='ocr_line' id='line_1_6' title="bbox 273 869 1281 958; baseline -0.003 -21"><span class='ocrx_word' id='word_1_33' title='bbox 273 881 369 938; x_wconf 87' lang='lat' dir='ltr'><strong>meris</strong></span> <span class='ocrx_word' id='word_1_34' title='bbox 398 890 430 934; x_wconf 86' lang='lat' dir='ltr'><strong>et</strong></span> <span class='ocrx_word' id='word_1_35' title='bbox 461 869 789 958; x_wconf 77' lang='lat' dir='ltr'><strong>pupillaesynizesis.</strong></span> <span class='ocrx_word' id='word_1_36' title='bbox 838 870 990 954; x_wconf 66' lang='lat' dir='ltr'><strong>⁸Phlogosi</strong></span> <span class='ocrx_word' id='word_1_37' title='bbox 1026 872 1146 932; x_wconf 88' lang='lat' dir='ltr'><strong>devicta</strong></span> <span class='ocrx_word' id='word_1_38' title='bbox 1170 873 1230 933; x_wconf 86' lang='lat' dir='ltr'><strong>lato</strong></span> <span class='ocrx_word' id='word_1_39' title='bbox 1254 879 1281 934; x_wconf 88' lang='lat' dir='ltr'><strong>in</strong></span> 
     </span>
     <span class='ocr_line' id='line_1_7' title="bbox 277 964 1284 1057; baseline -0.002 -31"><span class='ocrx_word' id='word_1_40' title='bbox 277 968 409 1029; x_wconf 90' lang='lat' dir='ltr'><strong>oculum</strong></span> <span class='ocrx_word' id='word_1_41' title='bbox 428 966 577 1045; x_wconf 77' lang='lat' dir='ltr'><strong>impingit</strong></span> <span class='ocrx_word' id='word_1_42' title='bbox 597 982 704 1044; x_wconf 82' lang='lat' dir='ltr'>aeger,</span> <span class='ocrx_word' id='word_1_43' title='bbox 725 984 791 1057; x_wconf 71' lang='lat' dir='ltr'><strong>quo</strong></span> <span class='ocrx_word' id='word_1_44' title='bbox 812 964 930 1023; x_wconf 88' lang='lat' dir='ltr'><strong>multus</strong></span> <span class='ocrx_word' id='word_1_45' title='bbox 941 968 976 1022; x_wconf 92' lang='lat' dir='ltr'><strong>in</strong></span> <span class='ocrx_word' id='word_1_46' title='bbox 998 982 1151 1028; x_wconf 85' lang='lat' dir='ltr'><strong>cameram</strong></span> <span class='ocrx_word' id='word_1_47' title='bbox 1170 969 1284 1027; x_wconf 83' lang='lat' dir='ltr'><strong>anticam</strong></span> 
     </span>
     <span class='ocr_line' id='line_1_8' title="bbox 278 1048 1283 1134; baseline 0 -17"><span class='ocrx_word' id='word_1_48' title='bbox 278 1048 508 1118; x_wconf 58' lang='lat' dir='ltr'><strong>effusus&#39;cruor</strong></span> <span class='ocrx_word' id='word_1_49' title='bbox 522 1058 605 1113; x_wconf 87' lang='lat' dir='ltr'><strong>visus</strong></span> <span class='ocrx_word' id='word_1_50' title='bbox 623 1054 748 1134; x_wconf 84' lang='lat' dir='ltr'><strong>pupilla</strong></span> <span class='ocrx_word' id='word_1_51' title='bbox 769 1053 924 1114; x_wconf 84' lang='lat' dir='ltr'><strong>artificiali</strong></span> <span class='ocrx_word' id='word_1_52' title='bbox 941 1054 1128 1115; x_wconf 87' lang='lat' dir='ltr'><strong>restituendi</strong></span> <span class='ocrx_word' id='word_1_53' title='bbox 1144 1076 1224 1134; x_wconf 85' lang='lat' dir='ltr'><strong>spem</strong></span> <span class='ocrx_word' id='word_1_54' title='bbox 1240 1056 1283 1119; x_wconf 87' lang='lat' dir='ltr'><strong>ab·</strong></span> 
     </span>
     <span class='ocr_line' id='line_1_9' title="bbox 278 1143 1252 1230; baseline -0.003 -20"><span class='ocrx_word' id='word_1_55' title='bbox 278 1148 384 1218; x_wconf 74' lang='lat' dir='ltr'><strong>stulitt</strong></span> <span class='ocrx_word' id='word_1_56' title='bbox 405 1167 442 1208; x_wconf 87' lang='lat' dir='ltr'><strong>ac</strong></span> <span class='ocrx_word' id='word_1_57' title='bbox 462 1147 593 1209; x_wconf 79' lang='lat' dir='ltr'><strong>tandem</strong></span> <span class='ocrx_word' id='word_1_58' title='bbox 606 1143 760 1226; x_wconf 76' lang='lat' dir='ltr'><strong>&#39;atrophia</strong></span> <span class='ocrx_word' id='word_1_59' title='bbox 779 1144 872 1211; x_wconf 88' lang='lat' dir='ltr'><strong>bulbi</strong></span> <span class='ocrx_word' id='word_1_60' title='bbox 892 1144 1161 1230; x_wconf 81' lang='lat' dir='ltr'><strong>complementum</strong></span> <span class='ocrx_word' id='word_1_61' title='bbox 1177 1147 1252 1215; x_wconf 85' lang='lat' dir='ltr'><strong>mali.</strong></span> 
     </span>
    </p>
   </div>
   <div class='ocr_carea' id='block_1_3' title="bbox 589 1292 1009 1388">
    <p class='ocr_par' dir='ltr' id='par_1_3' title="bbox 589 1292 1009 1388">
     <span class='ocr_line' id='line_1_10' title="bbox 589 1292 1009 1388; baseline 0 -3"><span class='ocrx_word' id='word_1_62' title='bbox 589 1292 834 1385; x_wconf 71' lang='lat' dir='ltr'><strong>observatio</strong></span> <span class='ocrx_word' id='word_1_63' title='bbox 873 1324 1009 1388; x_wconf 88' lang='lat' dir='ltr'><em>XVIII.</em></span> 
     </span>
    </p>
   </div>
   <div class='ocr_carea' id='block_1_4' title="bbox 260 1416 1339 3066">
    <p class='ocr_par' dir='ltr' id='par_1_4' title="bbox 280 1416 1339 2610">
     <span class='ocr_line' id='line_1_11' title="bbox 353 1416 1287 1513; baseline 0.002 -20"><span class='ocrx_word' id='word_1_64' title='bbox 353 1434 510 1493; x_wconf 87' lang='lat' dir='ltr'><strong>Krantzer</strong></span> <span class='ocrx_word' id='word_1_65' title='bbox 530 1430 684 1492; x_wconf 81' lang='lat' dir='ltr'><strong>Therasia</strong></span> <span class='ocrx_word' id='word_1_66' title='bbox 705 1455 744 1513; x_wconf 30' lang='lat'><strong>22&lt;</strong></span> <span class='ocrx_word' id='word_1_67' title='bbox 753 1416 922 1506; x_wconf 80' lang='lat' dir='ltr'><strong>annorum,</strong></span> <span class='ocrx_word' id='word_1_68' title='bbox 941 1437 1175 1497; x_wconf 77' lang='lat' dir='ltr'><strong>constitutionis</strong></span> <span class='ocrx_word' id='word_1_69' title='bbox 1190 1431 1287 1508; x_wconf 82' lang='lat' dir='ltr'><strong>firmae,</strong></span> 
     </span>
     <span class='ocr_line' id='line_1_12' title="bbox 281 1512 1291 1609; baseline 0.004 -27"><span class='ocrx_word' id='word_1_70' title='bbox 281 1525 474 1584; x_wconf 89' lang='lat' dir='ltr'><strong>valetudinis</strong></span> <span class='ocrx_word' id='word_1_71' title='bbox 497 1512 657 1583; x_wconf 81' lang='lat' dir='ltr'><strong>caeterum</strong></span> <span class='ocrx_word' id='word_1_72' title='bbox 680 1526 896 1609; x_wconf 74' lang='lat' dir='ltr'><strong>pancratIcae,</strong></span> <span class='ocrx_word' id='word_1_73' title='bbox 919 1522 1021 1585; x_wconf 83' lang='lat' dir='ltr'><strong>tribua</strong></span> <span class='ocrx_word' id='word_1_74' title='bbox 1041 1525 1104 1600; x_wconf 84' lang='lat' dir='ltr'><strong>jam</strong></span> <span class='ocrx_word' id='word_1_75' title='bbox 1121 1529 1205 1585; x_wconf 87' lang='lat' dir='ltr'><strong>annis</strong></span> <span class='ocrx_word' id='word_1_76' title='bbox 1219 1541 1291 1586; x_wconf 83' lang='lat' dir='ltr'><strong>cata·</strong></span> 
     </span>
     <span class='ocr_line' id='line_1_13' title="bbox 280 1606 1291 1696; baseline 0 -21"><span class='ocrx_word' id='word_1_77' title='bbox 280 1631 369 1676; x_wconf 84' lang='lat' dir='ltr'><strong>racta</strong></span> <span class='ocrx_word' id='word_1_78' title='bbox 391 1613 546 1693; x_wconf 88' lang='lat' dir='ltr'><strong>capsulari</strong></span> <span class='ocrx_word' id='word_1_79' title='bbox 566 1614 746 1696; x_wconf 79' lang='lat' dir='ltr'><strong>gelatinosa</strong></span> <span class='ocrx_word' id='word_1_80' title='bbox 773 1620 901 1674; x_wconf 85' lang='lat' dir='ltr'><strong>sinistro</strong></span> <span class='ocrx_word' id='word_1_81' title='bbox 927 1618 962 1673; x_wconf 90' lang='lat' dir='ltr'><strong>in</strong></span> <span class='ocrx_word' id='word_1_82' title='bbox 984 1606 1083 1674; x_wconf 73' lang='lat' dir='ltr'><strong>oculo&#39;</strong></span> <span class='ocrx_word' id='word_1_83' title='bbox 1100 1618 1195 1675; x_wconf 88' lang='lat' dir='ltr'><strong>visum</strong></span> <span class='ocrx_word' id='word_1_84' title='bbox 1211 1620 1291 1694; x_wconf 86' lang='lat' dir='ltr'><strong>patie-</strong></span> 
     </span>
     <span class='ocr_line' id='line_1_14' title="bbox 283 1704 1293 1788; baseline 0.001 -23"><span class='ocrx_word' id='word_1_85' title='bbox 283 1704 380 1765; x_wconf 81' lang='lat' dir='ltr'><strong>batur</strong></span> <span class='ocrx_word' id='word_1_86' title='bbox 398 1705 570 1764; x_wconf 86' lang='lat' dir='ltr'><strong>tutbatu&#39;m.</strong></span> <span class='ocrx_word' id='word_1_87' title='bbox 610 1707 696 1785; x_wconf 88' lang='lat' dir='ltr'><strong>Hine</strong></span> <span class='ocrx_word' id='word_1_88' title='bbox 716 1727 786 1765; x_wconf 90' lang='lat' dir='ltr'><strong>cum</strong></span> <span class='ocrx_word' id='word_1_89' title='bbox 809 1706 862 1765; x_wconf 89' lang='lat' dir='ltr'><strong>die</strong></span> <span class='ocrx_word' id='word_1_90' title='bbox 885 1706 1027 1783; x_wconf 73' lang='lat' dir='ltr'><strong>14&#39;Julii</strong></span> <span class='ocrx_word' id='word_1_91' title='bbox 1049 1716 1119 1777; x_wconf 77' lang='lat'>1812</span> <span class='ocrx_word' id='word_1_92' title='bbox 1138 1707 1293 1788; x_wconf 59' lang='lat' dir='ltr'><strong>capsulagin</strong></span> 
     </span>
     <span class='ocr_line' id='line_1_15' title="bbox 283 1790 1293 1881; baseline 0.001 -26"><span class='ocrx_word' id='word_1_93' title='bbox 283 1795 406 1855; x_wconf 86' lang='lat' dir='ltr'><strong>lentem</strong></span> <span class='ocrx_word' id='word_1_94' title='bbox 425 1790 528 1875; x_wconf 79' lang='lat' dir='ltr'><strong>usqua</strong></span> <span class='ocrx_word' id='word_1_95' title='bbox 546 1796 712 1877; x_wconf 83' lang='lat' dir='ltr'><strong>profunde</strong></span> <span class='ocrx_word' id='word_1_96' title='bbox 734 1792 1016 1877; x_wconf 82' lang='lat' dir='ltr'><strong>perscinderetur,</strong></span> <span class='ocrx_word' id='word_1_97' title='bbox 1044 1802 1208 1881; x_wconf 86' lang='lat' dir='ltr'><strong>repentino</strong></span> <span class='ocrx_word' id='word_1_98' title='bbox 1226 1796 1293 1861; x_wconf 88' lang='lat' dir='ltr'><strong>oculi</strong></span> 
     </span>
     <span class='ocr_line' id='line_1_16' title="bbox 285 1887 1331 1971; baseline 0 -25"><span class='ocrx_word' id='word_1_99' title='bbox 285 1903 389 1960; x_wconf 91' lang='lat' dir='ltr'><strong>motu,</strong></span> <span class='ocrx_word' id='word_1_100' title='bbox 410 1893 463 1948; x_wconf 84' lang='lat' dir='ltr'><strong>iris</strong></span> <span class='ocrx_word' id='word_1_101' title='bbox 483 1893 518 1948; x_wconf 92' lang='lat' dir='ltr'><strong>in</strong></span> <span class='ocrx_word' id='word_1_102' title='bbox 540 1891 660 1950; x_wconf 87' lang='lat' dir='ltr'><strong>collum</strong></span> <span class='ocrx_word' id='word_1_103' title='bbox 681 1905 754 1950; x_wconf 85' lang='lat' dir='ltr'><strong>acus</strong></span> <span class='ocrx_word' id='word_1_104' title='bbox 779 1888 938 1965; x_wconf 88' lang='lat' dir='ltr'><strong>levissime</strong></span> <span class='ocrx_word' id='word_1_105' title='bbox 956 1890 1120 1971; x_wconf 80' lang='lat' dir='ltr'><strong>impingit,</strong></span> <span class='ocrx_word' id='word_1_106' title='bbox 1141 1887 1223 1951; x_wconf 82' lang='lat' dir='ltr'><strong>unde</strong></span> <span class='ocrx_word' id='word_1_107' title='bbox 1241 1907 1294 1947; x_wconf 82' lang='lat' dir='ltr'><strong>ver·</strong></span> <span class='ocrx_word' id='word_1_108' title='bbox 1330 1924 1331 1955; x_wconf 66' lang='lat'><strong>,</strong></span> 
     </span>
     <span class='ocr_line' id='line_1_17' title="bbox 285 1979 1332 2062; baseline 0 -24"><span class='ocrx_word' id='word_1_109' title='bbox 285 1984 367 2059; x_wconf 82' lang='lat' dir='ltr'><strong>tigo,</strong></span> <span class='ocrx_word' id='word_1_110' title='bbox 391 1979 515 2060; x_wconf 86' lang='lat' dir='ltr'><strong>eclysis,</strong></span> <span class='ocrx_word' id='word_1_111' title='bbox 530 1981 588 2040; x_wconf 87' lang='lat' dir='ltr'><strong>sed</strong></span> <span class='ocrx_word' id='word_1_112' title='bbox 600 1983 797 2042; x_wconf 89' lang='lat' dir='ltr'><strong>vomituritio</strong></span> <span class='ocrx_word' id='word_1_113' title='bbox 814 1981 916 2054; x_wconf 81' lang='lat' dir='ltr'><strong>nulla,</strong></span> <span class='ocrx_word' id='word_1_114' title='bbox 937 1985 1003 2041; x_wconf 89' lang='lat' dir='ltr'><strong>situ</strong></span> <span class='ocrx_word' id='word_1_115' title='bbox 1019 1985 1054 2046; x_wconf 88' lang='lat' dir='ltr'><strong>in</strong></span> <span class='ocrx_word' id='word_1_116' title='bbox 1071 1981 1193 2045; x_wconf 83' lang='lat' dir='ltr'><strong>dorsum</strong></span> <span class='ocrx_word' id='word_1_117' title='bbox 1206 1982 1294 2062; x_wconf 84' lang='lat' dir='ltr'><strong>quieto</strong></span> <span class='ocrx_word' id='word_1_118' title='bbox 1331 1988 1332 2009; x_wconf 67' lang='lat'>¹</span> 
     </span>
     <span class='ocr_line' id='line_1_18' title="bbox 287 2058 1296 2151; baseline -0.004 -20"><span class='ocrx_word' id='word_1_119' title='bbox 287 2093 362 2132; x_wconf 83' lang='lat' dir='ltr'><strong>mox</strong></span> <span class='ocrx_word' id='word_1_120' title='bbox 383 2071 527 2131; x_wconf 80' lang='lat' dir='ltr'><strong>evanida.</strong></span> <span class='ocrx_word' id='word_1_121' title='bbox 553 2074 558 2083; x_wconf 83' lang='lat'>&#39;</span> <span class='ocrx_word' id='word_1_122' title='bbox 577 2072 673 2133; x_wconf 87' lang='lat' dir='ltr'><strong>Horis</strong></span> <span class='ocrx_word' id='word_1_123' title='bbox 701 2088 810 2132; x_wconf 88' lang='lat' dir='ltr'><strong>tamen</strong></span> <span class='ocrx_word' id='word_1_124' title='bbox 836 2058 962 2151; x_wconf 83' lang='lat' dir='ltr'><strong>aliquot</strong></span> <span class='ocrx_word' id='word_1_125' title='bbox 977 2068 1082 2150; x_wconf 72' lang='lat' dir='ltr'><strong>post,</strong></span> <span class='ocrx_word' id='word_1_126' title='bbox 1109 2067 1296 2148; x_wconf 84' lang='lat' dir='ltr'><strong>ophthalmitis</strong></span> 
     </span>
     <span class='ocr_line' id='line_1_19' title="bbox 290 2161 1298 2244; baseline -0.009 -20"><span class='ocrx_word' id='word_1_127' title='bbox 290 2164 406 2225; x_wconf 89' lang='lat' dir='ltr'><strong>dolore</strong></span> <span class='ocrx_word' id='word_1_128' title='bbox 425 2183 492 2222; x_wconf 90' lang='lat' dir='ltr'><strong>una</strong></span> <span class='ocrx_word' id='word_1_129' title='bbox 516 2182 576 2239; x_wconf 87' lang='lat' dir='ltr'><strong>per</strong></span> <span class='ocrx_word' id='word_1_130' title='bbox 601 2164 717 2244; x_wconf 86' lang='lat' dir='ltr'><strong>gradus</strong></span> <span class='ocrx_word' id='word_1_131' title='bbox 744 2167 945 2223; x_wconf 85' lang='lat' dir='ltr'><strong>increscente</strong></span> <span class='ocrx_word' id='word_1_132' title='bbox 973 2178 1065 2222; x_wconf 88' lang='lat' dir='ltr'><strong>tanta</strong></span> <span class='ocrx_word' id='word_1_133' title='bbox 1091 2161 1249 2231; x_wconf 88' lang='lat' dir='ltr'><strong>evolvitur,</strong></span> <span class='ocrx_word' id='word_1_134' title='bbox 1272 2172 1298 2216; x_wconf 88' lang='lat' dir='ltr'><strong>ut</strong></span> 
     </span>
     <span class='ocr_line' id='line_1_20' title="bbox 287 2249 1299 2336; baseline -0.006 -23"><span class='ocrx_word' id='word_1_135' title='bbox 287 2258 421 2316; x_wconf 86' lang='lat' dir='ltr'><strong>nonnisi</strong></span> <span class='ocrx_word' id='word_1_136' title='bbox 448 2271 607 2334; x_wconf 83' lang='lat' dir='ltr'><strong>generoso</strong></span> <span class='ocrx_word' id='word_1_137' title='bbox 636 2268 792 2334; x_wconf 86' lang='lat' dir='ltr'><strong>apparatu</strong></span> <span class='ocrx_word' id='word_1_138' title='bbox 819 2252 1083 2336; x_wconf 83' lang='lat' dir='ltr'><strong>antiphlogistico</strong></span> <span class='ocrx_word' id='word_1_139' title='bbox 1115 2258 1204 2317; x_wconf 88' lang='lat' dir='ltr'><strong>citam</strong></span> <span class='ocrx_word' id='word_1_140' title='bbox 1227 2249 1299 2312; x_wconf 90' lang='lat' dir='ltr'><strong>bulbi</strong></span> 
     </span>
     <span class='ocr_line' id='line_1_21' title="bbox 291 2345 1300 2427; baseline -0.003 -20"><span class='ocrx_word' id='word_1_141' title='bbox 291 2346 544 2427; x_wconf 73' lang='lat' dir='ltr'><strong>destructionem</strong></span> <span class='ocrx_word' id='word_1_142' title='bbox 565 2363 673 2423; x_wconf 79' lang='lat' dir='ltr'><strong>arcere</strong></span> <span class='ocrx_word' id='word_1_143' title='bbox 695 2348 904 2426; x_wconf 78' lang='lat' dir='ltr'><strong>contingeret.</strong></span> <span class='ocrx_word' id='word_1_144' title='bbox 920 2392 923 2395; x_wconf 89' lang='lat'>.</span> <span class='ocrx_word' id='word_1_145' title='bbox 937 2345 978 2407; x_wconf 89' lang='lat' dir='ltr'><strong>In</strong></span> <span class='ocrx_word' id='word_1_146' title='bbox 1000 2360 1240 2409; x_wconf 82' lang='lat' dir='ltr'><strong>camerataman</strong></span> <span class='ocrx_word' id='word_1_147' title='bbox 1257 2360 1300 2420; x_wconf 85' lang='lat' dir='ltr'><strong>po·</strong></span> 
     </span>
     <span class='ocr_line' id='line_1_22' title="bbox 291 2435 1339 2519; baseline 0.002 -24"><span class='ocrx_word' id='word_1_148' title='bbox 291 2442 369 2519; x_wconf 75' lang='lat' dir='ltr'><strong>stica</strong></span> <span class='ocrx_word' id='word_1_149' title='bbox 389 2441 477 2517; x_wconf 84' lang='lat' dir='ltr'><strong>puris</strong></span> <span class='ocrx_word' id='word_1_150' title='bbox 496 2449 590 2494; x_wconf 88' lang='lat' dir='ltr'><strong>natus</strong></span> <span class='ocrx_word' id='word_1_151' title='bbox 610 2436 684 2509; x_wconf 79' lang='lat' dir='ltr'><strong>fons</strong></span> <span class='ocrx_word' id='word_1_152' title='bbox 703 2435 792 2495; x_wconf 82' lang='lat' dir='ltr'><strong>velut</strong></span> <span class='ocrx_word' id='word_1_153' title='bbox 814 2439 1247 2516; x_wconf 60' lang='lat' dir='ltr'><strong>cornu’copiaein-anticam</strong></span> <span class='ocrx_word' id='word_1_154' title='bbox 1263 2451 1302 2497; x_wconf 59' lang='grc' dir='ltr'><strong>εἰ·</strong></span> <span class='ocrx_word' id='word_1_155' title='bbox 1338 2442 1339 2449; x_wconf 75' lang='grc'>’</span> 
     </span>
     <span class='ocr_line' id='line_1_23' title="bbox 291 2520 1303 2610; baseline -0.002 -24"><span class='ocrx_word' id='word_1_156' title='bbox 291 2526 454 2597; x_wconf 86' lang='lat' dir='ltr'><strong>undabat;</strong></span> <span class='ocrx_word' id='word_1_157' title='bbox 475 2531 592 2590; x_wconf 85' lang='lat' dir='ltr'><strong>sensim</strong></span> <span class='ocrx_word' id='word_1_158' title='bbox 614 2525 691 2587; x_wconf 87' lang='lat' dir='ltr'><strong>dein</strong></span> <span class='ocrx_word' id='word_1_159' title='bbox 706 2542 857 2606; x_wconf 34' lang='lat' dir='ltr'><strong>,resorpto</strong></span> <span class='ocrx_word' id='word_1_160' title='bbox 875 2546 976 2606; x_wconf 83' lang='lat' dir='ltr'><strong>pure,</strong></span> <span class='ocrx_word' id='word_1_161' title='bbox 992 2520 1303 2610; x_wconf 54' lang='lat' dir='ltr'><strong>symesinpupillu</strong></span> 
     </span>
    </p>

    <p class='ocr_par' dir='ltr' id='par_1_5' title="bbox 260 2614 1308 3066">
     <span class='ocr_line' id='line_1_24' title="bbox 260 2614 1305 2699; baseline -0.01 -20"><span class='ocrx_word' id='word_1_162' title='bbox 260 2618 263 2622; x_wconf 49' lang='lat'><em>⁴</em></span> <span class='ocrx_word' id='word_1_163' title='bbox 291 2618 453 2699; x_wconf 85' lang='lat' dir='ltr'><strong>perfecta,</strong></span> <span class='ocrx_word' id='word_1_164' title='bbox 481 2614 699 2699; x_wconf 83' lang='lat' dir='ltr'><strong>lymphaeque</strong></span> <span class='ocrx_word' id='word_1_165' title='bbox 721 2617 874 2697; x_wconf 84' lang='lat' dir='ltr'><strong>plasticae</strong></span> <span class='ocrx_word' id='word_1_166' title='bbox 894 2623 930 2677; x_wconf 91' lang='lat' dir='ltr'><strong>in</strong></span> <span class='ocrx_word' id='word_1_167' title='bbox 950 2623 1091 2679; x_wconf 85' lang='lat' dir='ltr'><strong>anticam</strong></span> <span class='ocrx_word' id='word_1_168' title='bbox 1109 2616 1194 2681; x_wconf 84' lang='lat' dir='ltr'><strong>iridis</strong></span> <span class='ocrx_word' id='word_1_169' title='bbox 1211 2614 1305 2675; x_wconf 79' lang='lat' dir='ltr'><strong>faciam</strong></span> 
     </span>
     <span class='ocr_line' id='line_1_25' title="bbox 294 2708 1308 2788; baseline 0.006 -20"><span class='ocrx_word' id='word_1_170' title='bbox 294 2708 517 2782; x_wconf 84' lang='lat' dir='ltr'><strong>exsudatione,</strong></span> <span class='ocrx_word' id='word_1_171' title='bbox 537 2718 703 2781; x_wconf 75' lang='lat' dir='ltr'><strong>tetltamen</strong></span> <span class='ocrx_word' id='word_1_172' title='bbox 724 2709 860 2788; x_wconf 87' lang='lat' dir='ltr'><strong>quodvis</strong></span> <span class='ocrx_word' id='word_1_173' title='bbox 880 2713 983 2771; x_wconf 89' lang='lat' dir='ltr'><strong>visum</strong></span> <span class='ocrx_word' id='word_1_174' title='bbox 1001 2709 1190 2773; x_wconf 82' lang='lat' dir='ltr'><strong>restituendi</strong></span> <span class='ocrx_word' id='word_1_175' title='bbox 1206 2708 1308 2773; x_wconf 66' lang='lat' dir='ltr'><strong>initum</strong></span> 
     </span>
     <span class='ocr_line' id='line_1_26' title="bbox 293 2800 1307 2882; baseline -0.014 -17"><span class='ocrx_word' id='word_1_176' title='bbox 293 2804 466 2867; x_wconf 86' lang='lat' dir='ltr'><strong>redditum.</strong></span> <span class='ocrx_word' id='word_1_177' title='bbox 499 2802 553 2860; x_wconf 60' lang='lat' dir='ltr'><strong>&lt;Ac</strong></span> <span class='ocrx_word' id='word_1_178' title='bbox 574 2816 812 2882; x_wconf 32' lang='lat' dir='ltr'><strong>quartus&#39;nuuc</strong></span> <span class='ocrx_word' id='word_1_179' title='bbox 833 2800 873 2879; x_wconf 78' lang='lat' dir='ltr'><strong>ab</strong></span> <span class='ocrx_word' id='word_1_180' title='bbox 895 2809 1088 2880; x_wconf 79' lang='lat' dir='ltr'><strong>operatione</strong></span> <span class='ocrx_word' id='word_1_181' title='bbox 1106 2800 1307 2868; x_wconf 75' lang='lat' dir='ltr'><strong>labiturmsn·</strong></span> 
     </span>
     <span class='ocr_line' id='line_1_27' title="bbox 295 2883 1308 2975; baseline -0.013 -20"><span class='ocrx_word' id='word_1_182' title='bbox 295 2900 355 2966; x_wconf 86' lang='lat' dir='ltr'><strong>sis,</strong></span> <span class='ocrx_word' id='word_1_183' title='bbox 377 2883 443 2975; x_wconf 80' lang='lat' dir='ltr'><strong>quo</strong></span> <span class='ocrx_word' id='word_1_184' title='bbox 464 2896 581 2954; x_wconf 87' lang='lat' dir='ltr'><strong>invicta</strong></span> <span class='ocrx_word' id='word_1_185' title='bbox 606 2897 712 2975; x_wconf 85' lang='lat' dir='ltr'><strong>pergit</strong></span> <span class='ocrx_word' id='word_1_186' title='bbox 737 2891 889 2952; x_wconf 88' lang='lat' dir='ltr'><strong>chronica</strong></span> <span class='ocrx_word' id='word_1_187' title='bbox 916 2890 1042 2953; x_wconf 55' lang='lat' dir='ltr'><strong>habitu,</strong></span> <span class='ocrx_word' id='word_1_188' title='bbox 1057 2893 1217 2974; x_wconf 80' lang='lat' dir='ltr'><strong>phlogotis</strong></span> <span class='ocrx_word' id='word_1_189' title='bbox 1243 2899 1308 2946; x_wconf 85' lang='lat' dir='ltr'><strong>atro·</strong></span> 
     </span>
     <span class='ocr_line' id='line_1_28' title="bbox 292 2980 925 3066; baseline -0.003 -22"><span class='ocrx_word' id='word_1_190' title='bbox 292 2985 391 3066; x_wconf 88' lang='lat' dir='ltr'><strong>phiae</strong></span> <span class='ocrx_word' id='word_1_191' title='bbox 411 2983 505 3043; x_wconf 90' lang='lat' dir='ltr'><strong>bulbi</strong></span> <span class='ocrx_word' id='word_1_192' title='bbox 523 2980 645 3042; x_wconf 86' lang='lat' dir='ltr'><strong>metum</strong></span> <span class='ocrx_word' id='word_1_193' title='bbox 664 2982 735 3058; x_wconf 88' lang='lat' dir='ltr'><strong>jure</strong></span> <span class='ocrx_word' id='word_1_194' title='bbox 755 2989 925 3048; x_wconf 84' lang='lat' dir='ltr'><strong>incutiens.</strong></span> 
     </span>
    </p>
   </div>
   <div class='ocr_carea' id='block_1_5' title="bbox 630 3123 1015 3187">
    <p class='ocr_par' dir='ltr' id='par_1_6' title="bbox 630 3123 1015 3187">
     <span class='ocr_line' id='line_1_29' title="bbox 630 3123 1015 3187; baseline 0.008 -3"><span class='ocrx_word' id='word_1_195' title='bbox 630 3123 877 3185; x_wconf 82' lang='lat' dir='ltr'><strong>Observatio</strong></span> <span class='ocrx_word' id='word_1_196' title='bbox 915 3128 1015 3187; x_wconf 86' lang='lat' dir='ltr'><em>XIX.</em></span> 
     </span>
    </p>
   </div>
   <div class='ocr_carea' id='block_1_6' title="bbox 298 3220 1321 4039">
    <p class='ocr_par' dir='ltr' id='par_1_7' title="bbox 298 3220 1321 4039">
     <span class='ocr_line' id='line_1_30' title="bbox 372 3220 1313 3323; baseline -0.006 -31"><span class='ocrx_word' id='word_1_197' title='bbox 372 3233 540 3292; x_wconf 85' lang='lat' dir='ltr'><strong>Litzmaier</strong></span> <span class='ocrx_word' id='word_1_198' title='bbox 557 3231 704 3323; x_wconf 53' lang='lat' dir='ltr'><strong>Iosepha*</strong></span> <span class='ocrx_word' id='word_1_199' title='bbox 715 3231 823 3307; x_wconf 90' lang='lat' dir='ltr'><strong>puella</strong></span> <span class='ocrx_word' id='word_1_200' title='bbox 843 3220 1048 3312; x_wconf 76' lang='lat' dir='ltr'><strong>pannorum,</strong></span> <span class='ocrx_word' id='word_1_201' title='bbox 1071 3250 1208 3299; x_wconf 88' lang='lat' dir='ltr'><strong>connata</strong></span> <span class='ocrx_word' id='word_1_202' title='bbox 1219 3233 1313 3292; x_wconf 86' lang='lat' dir='ltr'><strong>utrius·</strong></span> 
     </span>
     <span class='ocr_line' id='line_1_31' title="bbox 300 3319 1315 3411; baseline -0.005 -28"><span class='ocrx_word' id='word_1_203' title='bbox 300 3343 365 3407; x_wconf 88' lang='lat' dir='ltr'><strong>que</strong></span> <span class='ocrx_word' id='word_1_204' title='bbox 386 3323 474 3385; x_wconf 90' lang='lat' dir='ltr'><strong>oculi</strong></span> <span class='ocrx_word' id='word_1_205' title='bbox 494 3337 649 3395; x_wconf 67' lang='lat' dir='ltr'><strong>cataracta</strong></span> <span class='ocrx_word' id='word_1_206' title='bbox 669 3322 758 3411; x_wconf 71' lang='lat' dir='ltr'><strong>arida</strong></span> <span class='ocrx_word' id='word_1_207' title='bbox 777 3322 926 3402; x_wconf 71' lang='lat' dir='ltr'><strong>siliquata</strong></span> <span class='ocrx_word' id='word_1_208' title='bbox 953 3331 1054 3391; x_wconf 83' lang='lat' dir='ltr'><strong>visum</strong></span> <span class='ocrx_word' id='word_1_209' title='bbox 1080 3342 1265 3409; x_wconf 77' lang='lat' dir='ltr'><strong>magnopere</strong></span> <span class='ocrx_word' id='word_1_210' title='bbox 1285 3319 1315 3377; x_wconf 88' lang='lat' dir='ltr'><strong>li·</strong></span> 
     </span>
     <span class='ocr_line' id='line_1_32' title="bbox 298 3411 1316 3503; baseline 0 -29"><span class='ocrx_word' id='word_1_211' title='bbox 298 3420 434 3476; x_wconf 86' lang='lat' dir='ltr'><strong>mitante</strong></span> <span class='ocrx_word' id='word_1_212' title='bbox 456 3411 618 3495; x_wconf 84' lang='lat' dir='ltr'><strong>affligitur.</strong></span> <span class='ocrx_word' id='word_1_213' title='bbox 668 3416 799 3475; x_wconf 86' lang='lat' dir='ltr'><strong>Summo</strong></span> <span class='ocrx_word' id='word_1_214' title='bbox 824 3414 932 3476; x_wconf 88' lang='lat' dir='ltr'><strong>labori</strong></span> <span class='ocrx_word' id='word_1_215' title='bbox 957 3417 1012 3478; x_wconf 90' lang='lat' dir='ltr'><strong>die</strong></span> <span class='ocrx_word' id='word_1_216' title='bbox 1039 3428 1080 3499; x_wconf 77' lang='grc'><strong>4,,</strong></span> <span class='ocrx_word' id='word_1_217' title='bbox 1096 3422 1180 3503; x_wconf 82' lang='lat' dir='ltr'><strong>Aug.</strong></span> <span class='ocrx_word' id='word_1_218' title='bbox 1206 3425 1270 3488; x_wconf 79' lang='lat'>1812</span> <span class='ocrx_word' id='word_1_219' title='bbox 1289 3412 1316 3469; x_wconf 77' lang='lat' dir='ltr'><strong>in</strong></span> 
     </span>
     <span class='ocr_line' id='line_1_33' title="bbox 298 3502 1316 3593; baseline -0.004 -27"><span class='ocrx_word' id='word_1_220' title='bbox 298 3506 545 3581; x_wconf 84' lang='lat' dir='ltr'><strong>mobilissimum</strong></span> <span class='ocrx_word' id='word_1_221' title='bbox 565 3504 911 3583; x_wconf 26' lang='lat' dir='ltr'><strong>bulbumladmittebat</strong></span> <span class='ocrx_word' id='word_1_222' title='bbox 932 3530 1037 3587; x_wconf 81' lang='lat' dir='ltr'><strong>acum,</strong></span> <span class='ocrx_word' id='word_1_223' title='bbox 1059 3513 1225 3593; x_wconf 80' lang='lat' dir='ltr'><strong>quaiacta</strong></span> <span class='ocrx_word' id='word_1_224' title='bbox 1242 3502 1316 3568; x_wconf 81' lang='lat' dir='ltr'><strong>racli-</strong></span> 
     </span>
     <span class='ocr_line' id='line_1_34' title="bbox 298 3597 1317 3687; baseline 0.005 -29"><span class='ocrx_word' id='word_1_225' title='bbox 298 3603 388 3659; x_wconf 89' lang='lat' dir='ltr'><strong>natio</strong></span> <span class='ocrx_word' id='word_1_226' title='bbox 408 3612 596 3687; x_wconf 78' lang='lat' dir='ltr'><strong>resurgente</strong></span> <span class='ocrx_word' id='word_1_227' title='bbox 618 3602 775 3658; x_wconf 87' lang='lat' dir='ltr'><strong>continuo</strong></span> <span class='ocrx_word' id='word_1_228' title='bbox 789 3597 979 3672; x_wconf 84' lang='lat' dir='ltr'><strong>suffusione,</strong></span> <span class='ocrx_word' id='word_1_229' title='bbox 1000 3597 1317 3682; x_wconf 67' lang='lat' dir='ltr'><strong>imperfectamauit,</strong></span> 
     </span>
     <span class='ocr_line' id='line_1_35' title="bbox 304 3681 1319 3772; baseline 0 -21"><span class='ocrx_word' id='word_1_230' title='bbox 304 3711 413 3772; x_wconf 88' lang='lat' dir='ltr'><strong>quam,</strong></span> <span class='ocrx_word' id='word_1_231' title='bbox 433 3710 557 3750; x_wconf 87' lang='lat' dir='ltr'><strong>summa</strong></span> <span class='ocrx_word' id='word_1_232' title='bbox 580 3692 721 3767; x_wconf 85' lang='lat' dir='ltr'><strong>quamvis</strong></span> <span class='ocrx_word' id='word_1_233' title='bbox 743 3689 962 3751; x_wconf 85' lang='lat' dir='ltr'><strong>sollicitudine</strong></span> <span class='ocrx_word' id='word_1_234' title='bbox 982 3693 1073 3755; x_wconf 82' lang='lat' dir='ltr'><strong>iridis</strong></span> <span class='ocrx_word' id='word_1_235' title='bbox 1101 3695 1201 3756; x_wconf 84' lang='lat' dir='ltr'><strong>laesio</strong></span> <span class='ocrx_word' id='word_1_236' title='bbox 1227 3681 1319 3757; x_wconf 78' lang='lat' dir='ltr'><strong>confli·</strong></span> 
     </span>
     <span class='ocr_line' id='line_1_36' title="bbox 303 3775 1319 3869; baseline 0.005 -29"><span class='ocrx_word' id='word_1_237' title='bbox 303 3797 438 3861; x_wconf 76' lang='lat' dir='ltr'><strong>crusque</strong></span> <span class='ocrx_word' id='word_1_238' title='bbox 460 3785 628 3853; x_wconf 84' lang='lat' dir='ltr'><strong>vitaretur,</strong></span> <span class='ocrx_word' id='word_1_239' title='bbox 656 3775 874 3858; x_wconf 86' lang='lat' dir='ltr'><strong>ophthalmitis</strong></span> <span class='ocrx_word' id='word_1_240' title='bbox 895 3798 1004 3855; x_wconf 83' lang='lat' dir='ltr'><strong>tamen</strong></span> <span class='ocrx_word' id='word_1_241' title='bbox 1027 3805 1099 3847; x_wconf 91' lang='lat' dir='ltr'><strong>non</strong></span> <span class='ocrx_word' id='word_1_242' title='bbox 1120 3791 1242 3869; x_wconf 80' lang='lat' dir='ltr'><strong>exigua,</strong></span> <span class='ocrx_word' id='word_1_243' title='bbox 1260 3793 1319 3855; x_wconf 58' lang='grc' dir='ltr'><strong>ΜΨ</strong></span> 
     </span>
     <span class='ocr_line' id='line_1_37' title="bbox 301 3868 1321 3960; baseline -0.002 -30"><span class='ocrx_word' id='word_1_244' title='bbox 301 3875 449 3949; x_wconf 75' lang='lat' dir='ltr'><strong>putatio,</strong></span> <span class='ocrx_word' id='word_1_245' title='bbox 478 3872 628 3952; x_wconf 88' lang='lat' dir='ltr'><strong>synizesis</strong></span> <span class='ocrx_word' id='word_1_246' title='bbox 652 3868 807 3950; x_wconf 76' lang='lat' dir='ltr'><strong>pupillae,</strong></span> <span class='ocrx_word' id='word_1_247' title='bbox 819 3894 856 3934; x_wconf 88' lang='lat' dir='ltr'><strong>ac</strong></span> <span class='ocrx_word' id='word_1_248' title='bbox 875 3895 993 3960; x_wconf 73' lang='lat' dir='ltr'><strong>magna</strong></span> <span class='ocrx_word' id='word_1_249' title='bbox 1011 3882 1049 3939; x_wconf 90' lang='lat' dir='ltr'><strong>in</strong></span> <span class='ocrx_word' id='word_1_250' title='bbox 1072 3877 1251 3959; x_wconf 83' lang='lat' dir='ltr'><strong>atrophiam</strong></span> <span class='ocrx_word' id='word_1_251' title='bbox 1266 3886 1321 3930; x_wconf 85' lang='lat' dir='ltr'><strong>ten·</strong></span> 
     </span>
     <span class='ocr_line' id='line_1_38' title="bbox 303 3961 617 4039; baseline 0.003 -20"><span class='ocrx_word' id='word_1_252' title='bbox 303 3961 413 4039; x_wconf 81' lang='lat' dir='ltr'><strong>‹lontia</strong></span> <span class='ocrx_word' id='word_1_253' title='bbox 435 3976 617 4034; x_wconf 74' lang='lat' dir='ltr'><strong>consecuta.</strong></span> 
     </span>
    </p>
   </div>
   <div class='ocr_carea' id='block_1_7' title="bbox 648 4108 920 4143">
    <p class='ocr_par' dir='ltr' id='par_1_8' title="bbox 648 4108 920 4143">
     <span class='ocr_line' id='line_1_39' title="bbox 648 4108 920 4143; baseline -0.007 -12"><span class='ocrx_word' id='word_1_254' title='bbox 648 4108 920 4143; x_wconf 54' lang='grc' dir='ltr'><strong>ἀ’ἳ--ὑ--ω</strong></span> 
     </span>
    </p>
   </div>
   <div class='ocr_carea' id='block_1_8' title="bbox 0 0 1395 4960">
    <p class='ocr_par' dir='ltr' id='par_1_9' title="bbox 0 0 1395 4960">
     <span class='ocr_line' id='line_1_40' title="bbox 0 0 1395 4960; baseline 0 0"><span class='ocrx_word' id='word_1_255' title='bbox 0 0 1395 4960; x_wconf 95' lang='lat' dir='ltr'><strong> </strong></span> 
     </span>
    </p>
   </div>
  </div>
 </body>
</html>
