2752 4960
201 399 382 462 Scaurnr
404 400 451 460 nu
473 414 680 461 rricnrsss
702 414 749 460 er
769 415 975 487 rrrncrre.
1041 402 1105 467 193

152 555 238 617 Nune
265 556 304 616 ad
324 558 521 635 operationem
546 557 639 634 ipram
660 557 917 637 mrmgrediamur.
959 554 1105 640 Aegrotas

64 658 98 715 in
125 657 203 730 situ,
230 672 289 731 quo
315 658 346 715 in
374 664 526 714 cataracta
551 652 732 713 extrahenda
759 657 806 714 uti
820 658 935 730 selant,
965 668 1104 734 ponatur.

64 751 181 812 Primus
209 755 385 830 operationis
413 753 584 811 administer
610 769 686 828 pone
706 762 857 832 aegrotum
877 756 975 813 locum
993 766 1107 829 teneat,

64 863 95 909 et
115 869 221 923 mauu,
250 853 335 909 oculo
356 851 485 910 curando
506 851 656 927 opposita,
686 855 951 932 meutumaogrcti
970 872 1103 933 compre·

62 947 205 1022 baudana,
226 959 316 1027 caput
335 951 449 1024 pectori
469 947 581 1028 affiget.
623 946 727 1028 Digitc
747 950 844 1007 indico
865 961 896 1009 et
915 951 1011 1011 medio
1027 955 1102 1013 alte·

61 1050 125 1106 rins
151 1066 255 1109 manua
282 1056 380 1105 antem
407 1048 616 1126 integumentis
641 1045 798 1123 palpebrae
824 1038 967 1123 admotis,
1002 1053 1102 1128 palpe-
1179 1104 1183 1111 .

62 1145 148 1204 brom
174 1146 212 1205 ad
239 1143 400 1224 marginem
426 1143 581 1203 orbitalem
601 1142 749 1218 attrabat,
780 1163 901 1222 eamque
921 1147 1002 1228 ligat.
1044 1148 1100 1209 His

61 1244 205 1303 institutis
232 1261 293 1302 nou
311 1243 405 1301 selum
428 1243 504 1300 rima
529 1240 732 1318 palpebrarum
759 1253 900 1322 augetur,
933 1247 986 1306 red
1012 1250 1100 1308 etiam
1184 1292 1187 1299 f

61 1361 116 1400 cra
136 1332 304 1417 ‘palpebrae
321 1341 451 1417 ‘psulum
482 1357 502 1396 a
525 1337 614 1398 bulbo
642 1338 820 1415 retrahitur,
857 1344 936 1419 qnod
962 1343 1100 1426 chirurgo
1190 1401 1196 1411 ,

58 1443 197 1523 operanti
216 1458 322 1521 magno
344 1440 538 1497 emolumento
560 1448 621 1513 eat,
649 1439 718 1497 dum
737 1439 821 1499 locur
840 1442 933 1517 partis
954 1444 1101 1502 curandae

58 1559 78 1599 a
99 1540 232 1599 finitimis
253 1537 410 1610 liberatur,
441 1546 474 1595 et
493 1539 689 1597 monumenta
708 1537 811 1597 melius
831 1540 986 1616 aptiusque
1005 1542 1099 1617 sppli-

55 1641 122 1703 eari
140 1647 274 1716 possunt.

145 1769 306 1849 Chirurgus
332 1776 430 1825 eutem
455 1767 654 1843 operationem
683 1766 815 1828 fecttrrus
847 1780 916 1828 ente
945 1783 1098 1854 aegrotum

53 1870 198 1943 adstans,
228 1868 348 1928 sinistra
367 1883 473 1939 manu,
502 1866 527 1922 si
549 1866 650 1923 oculus
671 1868 790 1926 sinister
815 1864 948 1943 laborat,
975 1871 1098 1950 forcipe,

52 1955 336 2045 supramemorata
362 1970 393 2021 et
421 1963 583 2038 descripta,
615 1962 770 2040 palpebrae
792 1984 874 2024 cram
895 1970 1032 2045 arripiat,
1066 1980 1098 2031 'et

51 2066 192 2146 quidem,
220 2065 246 2123 si
266 2072 330 2123 tota
352 2078 404 2120 ora
424 2058 621 2118 ebscIndenda
642 2071 703 2134 est,
731 2065 776 2121 uti
796 2065 828 2121 in
848 2063 980 2124 trichiasi
999 2070 1095 2142 totali,

49 2169 84 2224 in
117 2164 219 2243 anguli
246 2161 284 2220 ad
310 2170 441 2235 tempora
468 2159 627 2236 spectantis
650 2161 785 2239 regione;
818 2148 849 2218 in
876 2161 1007 2224 trichiaai
1025 2185 1096 2243 par·-

49 2263 121 2322 tieli
150 2279 218 2338 pars
244 2269 382 2336 correpta
408 2254 678 2331 comprehendatur.
722 2255 808 2315 Nunc
835 2258 932 2318 forfex
957 2263 990 2321 iu
1009 2252 1095 2323 usum

48 2354 191 2432 vocetur,
211 2340 342 2417 membra
361 2355 491 2432 ejusdem
511 2372 571 2413 nan
590 2356 695 2434 magis,
722 2374 809 2433 quam
829 2376 950 2417 necesse
970 2371 1027 2436 est,
1049 2362 1094 2421 di·

48 2459 221 2529 ducantur‚
243 2466 274 2513 et
295 2473 348 2513 cra
367 2450 522 2530 palpebrae
542 2451 580 2511 ad
601 2451 784 2513 horizontem
803 2438 1028 2534 perscindatuip
1043 2460 1094 2518 de·
1202 2502 1205 2517 .

47 2575 132 2630 nuo,
162 2554 276 2632 quando
298 2563 361 2612 tota
383 2568 435 2609 ora
456 2550 644 2628 exstirpanda
665 2562 728 2626 est,
753 2551 890 2611 dissectio
910 2557 1002 2631 partis
1023 2559 1093 2615 reii-

3 2674 5 2701 ι
45 2666 120 2714 ctae
140 2654 310 2725 reiteretur,
331 2668 389 2727 qua
403 2647 534 2726 perfecta
554 2649 723 2733 plerumque
744 2651 835 2708 totius
857 2670 925 2708 orae
939 2653 1094 2729 palpebrae

43 2751 228 2828 exstirpatio
248 2748 382 2808 absoluta
406 2757 460 2809 est.

137 2882 205 2942 Hac
225 2862 340 2942 ratione
361 2881 511 2939 celerrime
532 2880 732 2959 tutissimeque
748 2892 878 2957 curatur.
913 2879 1093 2965 Sanguinem

4 2984 5 3003 l
42 2985 105 3044 bac
128 2983 260 3061 laesiope
280 2980 360 3038 facta
380 2978 549 3045 effluentem
575 2997 652 3057 aqua
671 2978 778 3059 frigida
798 2980 885 3040 sistit.
939 2983 1033 3051 Quam
1054 2984 1090 3042 ob

41 3101 114 3142 rem
136 3080 293 3153 continuo,
310 3079 479 3154 operatione
498 3088 634 3153 peraeta,
656 3077 794 3158 spongiae
815 3096 892 3155 aqua
909 3078 1021 3161 frigida
1035 3083 1090 3142 im-

4 3170 7 3203 ²
41 3179 141 3239 butae
161 3175 318 3255 palpebrae
338 3177 486 3234 sauciatae
503 3177 697 3253 imponantur.
739 3174 855 3235 Deinde
875 3180 1018 3258 sanguine
1039 3199 1090 3238 cc-

40 3277 144 3338 bibito
173 3277 295 3334 linteum
322 3292 518 3351 compressum
546 3274 671 3355 frigidae
696 3293 791 3352 aquae
810 3276 978 3336 immersum
997 3281 1090 3355 appli-

5 3374 7 3401 ᾗ
39 3388 152 3449 cetur,
185 3385 220 3432 ut
246 3371 435 3447 inflammatio
460 3375 636 3432 traumatiea
662 3371 729 3431 huic
749 3375 911 3449 operationi
931 3376 1090 3436 succedens

5 3482 7 3499 '
38 3476 203 3555 mitigetur
224 3482 254 3530 et
275 3473 455 3537 terminetur.

135 3601 241 3667 Omnir
267 3600 373 3659 medici
398 3617 471 3658 cura
496 3598 552 3657 hac
578 3601 611 3657 in
633 3599 813 3675 periodoad
832 3597 1090 3661 inflammationem

37 3699 244 3783 coercendam
265 3708 394 3775 spectet,
417 3698 574 3757 etrulnus
595 3695 634 3755 ed
654 3698 822 3756 cicatricem
842 3697 1001 3774 perducere
1022 3709 1089 3756 ten-

36 3802 117 3875 dat3
149 3796 426 3874 conditionibusquo
444 3796 590 3874 prosperis
610 3793 816 3855 secedentibus
836 3787 999 3873 cpereticri
1019 3794 1089 3854 sub·

32 3902 156 3961 nisam
185 3895 224 3954 ad
252 3895 328 3955 diem
353 3912 446 3973 usque
473 3895 616 3953 decimum
643 3903 697 3953 sat
716 3891 862 3953 decimum
881 3902 1019 3970 quartam
1037 3911 1089 3970 pe-

30 3999 128 4057 nitus
147 4002 279 4055 sanatur.
302 3995 441 4055 Attrmen
456 4011 664 4069 nonuunquam
679 3994 789 4065 evenit,
807 4001 842 4051 ut
855 3993 996 4050 conualle
1009 3993 1089 4066 eilia,

31 4076 188 4156 cicatrice
208 4094 307 4165 iaeta,
334 4109 373 4151 er
393 4108 447 4150 ora
467 4091 623 4177 palpebrae
646 4091 740 4151 douae
762 4099 952 4163 enascantur,
979 4108 1036 4168 quc
1057 4091 1089 4148 in

29 4211 117 4254 earu
146 4191 318 4267 exstirpatio
346 4207 415 4248 crae
443 4191 576 4267 partialis
603 4192 717 4252 institui
743 4187 849 4264 debet,
880 4205 956 4266 qaas
979 4188 1090 4247 solum·

69 4290 167 4345 reson
184 4285 279 4358 script.
296 4285 441 4358 opltlalm.
458 4284 522 4342 mir.
540 4284 579 4340 11.
609 4356 612 4362 Ι
667 4310 669 4313 ·
795 4290 824 4350 Ν
