2744 4960
275 421 465 483 eonttat
497 421 557 470 nt·
591 403 709 483 nunt.
733 421 901 490 teuzo.
1032 424 1103 495 ¹09

82 573 135 646 sio
157 578 203 664 [et
223 576 386 661 Homio]
409 597 561 640 corneam
579 579 749 641 tendInum
775 580 862 640 oculi
885 579 1106 642 musculorum

78 674 284 755 propaginem
313 690 382 731 esse
408 669 606 746 docuerunt,
640 671 698 733 sed
720 690 889 751 perperam
906 675 946 743 ¹).
991 673 1100 752 Saepe

79 769 291 827 maceratione
311 776 343 822 et
359 766 538 822 anatomica
558 762 751 822 dissectione
770 777 918 840 expertae
936 781 1006 820 sum
1025 782 1099 821 mn·

76 858 229 918 oculorum
249 866 389 932 quatuor
411 866 571 912 rectorum
591 853 740 913 tendines
761 852 804 911 ad
822 870 961 913 corneae
980 856 1098 934 margi·

75 966 145 1010 nem
159 961 282 1007 tantum
303 947 484 1024 pertingere
501 942 559 1002 sed
576 943 669 1005 nullo
681 942 779 1003 modo
796 947 831 1004 in
842 948 1026 1005 continuam
1045 957 1100 1003 tu·

75 1045 175 1101 nicam
196 1037 343 1115 expandi.
388 1033 571 1096 Substantia
591 1037 703 1095 tunica
720 1048 830 1095 nostra
855 1034 984 1117 gaudet·
996 1034 1097 1114 plane

76 1136 121 1190 sui
137 1132 263 1211 generis
282 1141 316 1186 et
334 1129 508 1185 rectissime
530 1123 697 1185 lamellosa
719 1125 867 1187 dicenda.
911 1121 994 1203 Nam
1018 1140 1101 1184 stru-

15 1280 16 1303 }
77 1236 160 1281 mure
177 1218 339 1280 lamellata
356 1232 420 1289 est,
441 1235 459 1275 e
476 1221 579 1276 stratis
600 1221 691 1295 quasi
706 1238 803 1296 super
820 1222 922 1278 stratis
943 1220 1106 1294 compoti-

15 1332 16 1341 *
76 1327 121 1382 ta,
142 1324 227 1371 arcte
242 1312 329 1367 inter
345 1326 379 1366 se
398 1311 511 1381 unitis,
531 1312 575 1368 ita
593 1323 702 1368 tamen
718 1323 754 1369 ut
771 1306 882 1370 harum
900 1307 1101 1368 lamellatum

14 1442 15 1459 .
78 1405 185 1461 extima
199 1399 324 1460 facilius
339 1398 493 1477 scalpello
513 1399 554 1460 ab
569 1399 637 1460 eliis
651 1404 792 1477 separari
813 1415 912 1478 queat
928 1402 968 1477 ⁸).
1005 1398 1099 1457 Simi-

14 1486 15 1495 ’
75 1493 136 1553 lem
154 1490 284 1572 quidem
309 1481 463 1550 texturam
490 1507 523 1552 et
547 1491 715 1551 sclerotics
736 1489 881 1562 exhibet,
908 1490 967 1551 sed
992 1489 1102 1548 multo.

76 1589 175 1642 minus
199 1583 380 1642 distinctam
414 1603 511 1662 quam
539 1601 668 1643 cornea.
723 1581 937 1643 Lemellessm
964 1594 1099 1641 nostrae

78 1680 197 1735 tunicae
215 1689 372 1734 texturam
392 1674 641 1753 Hippocrati
659 1674 725 1751 jam
739 1689 851 1734 notam
865 1673 963 1732 luisse
977 1691 995 1731 e
1008 1670 1096 1732 libro

77 1763 117 1826 de
133 1769 291 1845 principiis
319 1765 396 1843 Cap.
420 1773 464 1835 18.
488 1779 585 1844 patet.
643 1764 696 1825 De
713 1765 919 1839 ⁸lttmellarum
944 1783 1097 1835 ttumero,¹

76 1876 252 1939 quanquam
273 1853 368 1913 valde
385 1869 433 1926 et,
454 1871 490 1914 ut
504 1860 547 1916 ita
563 1856 685 1929 dicam,
706 1857 864 1919 inutiliter
877 1862 963 1916 inter
983 1870 1096 1916 aneto·

73 1951 167 2008 micus
187 1962 365 2026 pugnatum
387 1947 465 2015 luit,
493 1946 576 2006 nihil
600 1951 677 2007 certi
699 1961 832 2009 constat.
870 1946 921 2005 Ab
944 1946 1099 2022 Hippo·

73 2053 177 2097 crate
196 2037 326 2109 multae,
348 2039 569 2117 aBriggsio
590 2051 664 2111 tres,
686 2058 705 2096 a
721 2030 958 2110 Laurentio,
975 2038 1096 2097 Vesa-

69 2126 141 2197 lio,
156 2127 350 2207 Plempio,
370 2127 777 2207 Bartholinoquatuor‚
798 2125 1097 2187 aLoewenhoe·

69 2215 139 2275 ltio
165 2231 299 2293 septem,
338 2223 403 2279 imo
437 2217 666 2279 aReiselio
699 2217 944 2299 quatuordecim
976 2235 1093 2277 nume·

68 2320 159 2367 ratae
177 2320 246 2365 sunt
261 2310 297 2387 ⁸).
345 2309 476 2369 Exstant
502 2307 662 2368 nonnulla
693 2330 828 2371 corneae
848 2313 925 2371 vitia
949 2326 1095 2374 mscere-

68 2401 159 2458 tione
173 2410 203 2456 et
215 2404 393 2459 anatomica
413 2403 614 2460 institutione
629 2399 807 2461 evidentius
825 2400 1019 2462 lamellatam
1031 2420 1094 2461 no·

9 2488 10 2493 ’
68 2504 146 2550 strae
178 2493 306 2549 tunicae
335 2504 523 2550 structuram
549 2491 816 2565 demonstrantis,
853 2489 1094 2552 combustiones
1169 2510 1180 2539 ’ν

68 2580 184 2641 diceet
203 2580 385 2654 abscessus,
406 2581 522 2661 quibus
543 2584 726 2643 factumest
742 2597 779 2641 ut
792 2601 912 2642 cornea
924 2587 960 2641 in
979 2583 1092 2661 plures

67 2668 203 2731 lamellas
227 2689 327 2748 saepe
353 2672 453 2731 fuerit
480 2691 636 2753 separata.
681 2673 739 2731 His
759 2690 837 2749 vero
853 2672 997 2745 lamellis;
1014 2673 1089 2733 sub-

66 2766 175 2823 stantia
193 2762 364 2837 interjecta
384 2777 431 2823 est
450 2767 623 2823 tenerrima
644 2763 815 2836 cellulosa,
836 2783 899 2844 qua
919 2766 1091 2823 arctissime

66 2855 143 2915 inter
158 2873 194 2914 se
215 2855 385 2926 uniuntur,
406 2851 496 2929 cujus
514 2856 712 2913 existentiam
731 2854 824 2914 multi
844 2868 930 2913 certe
949 2851 1091 2933 probant

64 2944 173 3004 morbi.
211 2942 276 3002 Pus
287 2961 406 3023 nempe
421 2948 506 3004 inter
522 2962 661 3004 corneae
674 2944 817 3006 lamellas
832 2944 1002 3026 colligitur.
1033 2941 1091 3001 Vi-

65 3032 107 3092 dit
125 3036 161 3094 in
181 3031 425 3095 demortuorum
449 3054 569 3098 cornea
589 3037 696 3099 Zinn
721 3034 877 3115 punctula
904 3033 978 3096 alba
997 3035 1089 3095 intra

63 3124 125 3202 ejus
137 3123 351 3190 substantiam
369 3125 503 3188 latentia
520 3127 560 3201 ⁴).

513 3261 543 3338 i·
581 3280 629 3321 21.

382 3352 536 3413 Humor
573 3372 763 3415 corneas.

127 3458 252 3519 Verum
269 3461 356 3519 enim
369 3462 497 3547 veroin
512 3459 668 3524 cellulosa
680 3462 807 3523 illarum
824 3461 1014 3534 laminarum
1034 3461 1089 3527 in·

59 3553 188 3611 terstitia
204 3550 358 3631 aquulam
379 3547 504 3614 effundi
516 3557 665 3615 novimus
681 3553 933 3632 limpidissimam
940 3592 952 3624 ,
972 3547 1087 3611 hume·

88 3729 116 3797 a)
136 3724 200 3787 [Cf.
218 3725 392 3782 Salomon
409 3728 441 3782 in
459 3729 588 3785 Grsefe
607 3747 635 3787 et
649 3731 850 3790 v.Walther
866 3729 1083 3792 Journ.t.chtr.

117 3813 148 3846 tt.
164 3793 427 3868 sugenheilkunde.
447 3798 514 3854 vot.
529 3800 595 3855 VII.
612 3818 641 3873 p.
657 3809 735 3866 4471.
1077 3832 1079 3835 ·

86 3863 137 3982 98
145 3863 421 3994 δόογοηιῐὲοἷῖιὶῇης
444 3864 648 3940 Abbildungeu
675 3868 723 3922 des
746 3866 957 3923 mensohlichen
979 3867 1081 3939 Auges.

138 3967 148 3984 0
202 3969 210 3985 0
237 3944 265 3983 ta
286 3969 293 3982 0
337 3970 345 3984 0
404 3972 411 3986 Ι
445 3970 451 3985 Ι

82 3995 117 4065 5)
135 3993 248 4050 Cornea
271 3998 367 4050 tunica
384 3944 549 4075 {allapsum
594 4001 716 4058 Miscell.
737 4003 813 4059 acad.
840 4012 952 4057 naturae
976 3999 1081 4058 emisa.

115 4062 189 4118 Dee.
202 4074 230 4117 2.
249 4067 285 4119 Δ.
299 4082 341 4118 so.
362 4065 436 4139 1691.
459 4088 489 4141 p.
506 4069 563 4135 167.

81 4130 113 4202 4)
129 4130 276 4203 Descript.
292 4147 416 4191 anetem.
433 4135 510 4194 ocul.
526 4137 643 4194 human.
666 4139 693 4208 l.
705 4139 742 4195 X.
759 4158 787 4214 p.
801 4152 844 4194 tta.
884 4192 889 4201 ,
