<?xml version="1.0" encoding="UTF-8"?>
<!DOCTYPE html PUBLIC "-//W3C//DTD XHTML 1.0 Transitional//EN"
    "http://www.w3.org/TR/xhtml1/DTD/xhtml1-transitional.dtd">
<html xmlns="http://www.w3.org/1999/xhtml" xml:lang="en" lang="en">
 <head>
  <title>
</title>
<meta http-equiv="Content-Type" content="text/html;charset=utf-8" />
  <meta name='ocr-system' content='tesseract 3.04.00' />
  <meta name='ocr-capabilities' content='ocr_page ocr_carea ocr_par ocr_line ocrx_word'/>
</head>
<body>
  <div class='ocr_page' id='page_1' title='image "./scriptoresophth00radigoog_0250.png"; bbox 0 0 2728 4960; ppageno 0'>
   <div class='ocr_carea' id='block_1_1' title="bbox 266 381 1109 479">
    <p class='ocr_par' dir='ltr' id='par_1_1' title="bbox 266 381 1109 479">
     <span class='ocr_line' id='line_1_1' title="bbox 266 381 1109 479; baseline 0 -29"><span class='ocrx_word' id='word_1_1' title='bbox 266 381 391 450; x_wconf 84' lang='lat' dir='ltr'><strong>Hosr</strong></span> <span class='ocrx_word' id='word_1_2' title='bbox 424 400 487 450; x_wconf 80' lang='lat' dir='ltr'><strong>nn</strong></span> <span class='ocrx_word' id='word_1_3' title='bbox 521 398 771 452; x_wconf 76' lang='lat' dir='ltr'><strong>unicnrasr</strong></span> <span class='ocrx_word' id='word_1_4' title='bbox 804 396 903 451; x_wconf 74' lang='lat' dir='ltr'><strong>arn</strong></span> <span class='ocrx_word' id='word_1_5' title='bbox 1035 403 1109 479; x_wconf 67' lang='lat'><strong>193</strong></span> 
     </span>
    </p>
   </div>
   <div class='ocr_carea' id='block_1_2' title="bbox 9 555 1106 2101">
    <p class='ocr_par' dir='ltr' id='par_1_2' title="bbox 10 555 1105 719">
     <span class='ocr_line' id='line_1_2' title="bbox 59 555 1105 649; baseline -0.002 -21.992"><span class='ocrx_word' id='word_1_6' title='bbox 59 570 106 627; x_wconf 89' lang='lat' dir='ltr'><strong>rei</strong></span> <span class='ocrx_word' id='word_1_7' title='bbox 126 580 260 645; x_wconf 90' lang='lat' dir='ltr'><strong>quoque</strong></span> <span class='ocrx_word' id='word_1_8' title='bbox 283 556 436 623; x_wconf 75' lang='lat' dir='ltr'><strong>historiae</strong></span> <span class='ocrx_word' id='word_1_9' title='bbox 460 555 651 621; x_wconf 86' lang='lat' dir='ltr'>morborum</span> <span class='ocrx_word' id='word_1_10' title='bbox 675 559 811 629; x_wconf 75' lang='lat' dir='ltr'><strong>iniurius</strong></span> <span class='ocrx_word' id='word_1_11' title='bbox 839 558 986 623; x_wconf 88' lang='lat' dir='ltr'><strong>adnexae</strong></span> <span class='ocrx_word' id='word_1_12' title='bbox 1009 562 1105 649; x_wconf 83' lang='lat' dir='ltr'><strong>largi·</strong></span> 
     </span>
     <span class='ocr_line' id='line_1_3' title="bbox 10 656 378 719; baseline -0.014 0"><span class='ocrx_word' id='word_1_13' title='bbox 10 714 11 719; x_wconf 73' lang='grc'>,</span> <span class='ocrx_word' id='word_1_14' title='bbox 67 671 163 718; x_wconf 83' lang='lat' dir='ltr'><strong>untur</strong></span> <span class='ocrx_word' id='word_1_15' title='bbox 182 656 378 714; x_wconf 83' lang='lat' dir='ltr'><strong>testimonia.</strong></span> 
     </span>
    </p>

    <p class='ocr_par' dir='ltr' id='par_1_3' title="bbox 9 741 1106 2101">
     <span class='ocr_line' id='line_1_4' title="bbox 96 741 1106 828; baseline 0.001 -21.04"><span class='ocrx_word' id='word_1_16' title='bbox 96 748 198 807; x_wconf 85' lang='lat' dir='ltr'><strong>Vix</strong></span> <span class='ocrx_word' id='word_1_17' title='bbox 224 741 362 803; x_wconf 88' lang='lat' dir='ltr'><strong>dubium</strong></span> <span class='ocrx_word' id='word_1_18' title='bbox 386 742 603 823; x_wconf 85' lang='lat' dir='ltr'><strong>relinquitur,</strong></span> <span class='ocrx_word' id='word_1_19' title='bbox 633 749 713 826; x_wconf 89' lang='lat' dir='ltr'><strong>quin</strong></span> <span class='ocrx_word' id='word_1_20' title='bbox 731 745 833 828; x_wconf 86' lang='lat' dir='ltr'><strong>longe</strong></span> <span class='ocrx_word' id='word_1_21' title='bbox 851 746 984 826; x_wconf 84' lang='lat' dir='ltr'><strong>plurimi</strong></span> <span class='ocrx_word' id='word_1_22' title='bbox 1002 747 1106 808; x_wconf 86' lang='lat' dir='ltr'><strong>medi-</strong></span> 
     </span>
     <span class='ocr_line' id='line_1_5' title="bbox 61 833 1105 908; baseline -0.001 -9"><span class='ocrx_word' id='word_1_23' title='bbox 61 859 173 902; x_wconf 85' lang='lat' dir='ltr'><strong>corum</strong></span> <span class='ocrx_word' id='word_1_24' title='bbox 186 833 272 897; x_wconf 89' lang='lat' dir='ltr'><strong>mihi</strong></span> <span class='ocrx_word' id='word_1_25' title='bbox 293 836 520 908; x_wconf 78' lang='lat' dir='ltr'><strong>consentiant,</strong></span> <span class='ocrx_word' id='word_1_26' title='bbox 541 841 568 898; x_wconf 89' lang='lat' dir='ltr'><strong>si</strong></span> <span class='ocrx_word' id='word_1_27' title='bbox 593 837 817 898; x_wconf 80' lang='lat' dir='ltr'><strong>secundam</strong></span> <span class='ocrx_word' id='word_1_28' title='bbox 841 841 1017 898; x_wconf 75' lang='lat' dir='ltr'><strong>sanationis</strong></span> <span class='ocrx_word' id='word_1_29' title='bbox 1037 859 1105 898; x_wconf 86' lang='lat' dir='ltr'><strong>me·</strong></span> 
     </span>
     <span class='ocr_line' id='line_1_6' title="bbox 58 925 1103 995; baseline 0.002 -5"><span class='ocrx_word' id='word_1_30' title='bbox 58 930 198 995; x_wconf 39' lang='lat' dir='ltr'><strong>rhodum*</strong></span> <span class='ocrx_word' id='word_1_31' title='bbox 211 932 332 987; x_wconf 88' lang='lat' dir='ltr'><strong>nostris</strong></span> <span class='ocrx_word' id='word_1_32' title='bbox 353 925 467 986; x_wconf 88' lang='lat' dir='ltr'><strong>diebus</strong></span> <span class='ocrx_word' id='word_1_33' title='bbox 489 945 560 988; x_wconf 88' lang='lat' dir='ltr'><strong>uon</strong></span> <span class='ocrx_word' id='word_1_34' title='bbox 579 930 650 987; x_wconf 89' lang='lat' dir='ltr'><strong>aine</strong></span> <span class='ocrx_word' id='word_1_35' title='bbox 669 932 797 989; x_wconf 91' lang='lat' dir='ltr'><strong>ratione</strong></span> <span class='ocrx_word' id='word_1_36' title='bbox 823 934 911 988; x_wconf 82' lang='lat' dir='ltr'><strong>varie</strong></span> <span class='ocrx_word' id='word_1_37' title='bbox 935 926 1103 992; x_wconf 85' lang='lat' dir='ltr'><strong>modifica·</strong></span> 
     </span>
     <span class='ocr_line' id='line_1_7' title="bbox 59 1013 1102 1098; baseline -0.001 -15"><span class='ocrx_word' id='word_1_38' title='bbox 59 1037 129 1095; x_wconf 86' lang='lat' dir='ltr'><strong>tam,</strong></span> <span class='ocrx_word' id='word_1_39' title='bbox 151 1034 184 1080; x_wconf 88' lang='lat' dir='ltr'><strong>et</strong></span> <span class='ocrx_word' id='word_1_40' title='bbox 205 1017 413 1093; x_wconf 79' lang='lat' dir='ltr'><strong>emendatam</strong></span> <span class='ocrx_word' id='word_1_41' title='bbox 433 1023 591 1095; x_wconf 87' lang='lat' dir='ltr'><strong>primae</strong></span> <span class='ocrx_word' id='word_1_42' title='bbox 610 1019 735 1098; x_wconf 77' lang='lat' dir='ltr'><strong>placuit</strong></span> <span class='ocrx_word' id='word_1_43' title='bbox 748 1018 931 1098; x_wconf 78' lang='lat' dir='ltr'><strong>praeferre3</strong></span> <span class='ocrx_word' id='word_1_44' title='bbox 951 1013 1102 1087; x_wconf 80' lang='lat' dir='ltr'><strong>uambae</strong></span> 
     </span>
     <span class='ocr_line' id='line_1_8' title="bbox 9 1107 1100 1187; baseline 0.002 -14"><span class='ocrx_word' id='word_1_45' title='bbox 9 1162 10 1177; x_wconf 65' lang='grc'>,</span> <span class='ocrx_word' id='word_1_46' title='bbox 59 1112 153 1173; x_wconf 88' lang='lat' dir='ltr'><strong>altera</strong></span> <span class='ocrx_word' id='word_1_47' title='bbox 171 1113 226 1169; x_wconf 88' lang='lat' dir='ltr'><strong>via</strong></span> <span class='ocrx_word' id='word_1_48' title='bbox 253 1109 360 1169; x_wconf 87' lang='lat' dir='ltr'><strong>morbi</strong></span> <span class='ocrx_word' id='word_1_49' title='bbox 385 1107 621 1187; x_wconf 76' lang='lat' dir='ltr'><strong>palpebrarum</strong></span> <span class='ocrx_word' id='word_1_50' title='bbox 642 1109 781 1170; x_wconf 82' lang='lat' dir='ltr'><strong>formam</strong></span> <span class='ocrx_word' id='word_1_51' title='bbox 806 1107 974 1173; x_wconf 82' lang='lat' dir='ltr'><strong>afficientis</strong></span> <span class='ocrx_word' id='word_1_52' title='bbox 1002 1117 1100 1181; x_wconf 84' lang='lat' dir='ltr'><strong>tutius</strong></span> 
     </span>
     <span class='ocr_line' id='line_1_9' title="bbox 57 1197 1102 1264; baseline 0.002 -2"><span class='ocrx_word' id='word_1_53' title='bbox 57 1222 93 1262; x_wconf 84' lang='lat' dir='ltr'><strong>ac</strong></span> <span class='ocrx_word' id='word_1_54' title='bbox 112 1202 204 1260; x_wconf 90' lang='lat' dir='ltr'><strong>citius</strong></span> <span class='ocrx_word' id='word_1_55' title='bbox 223 1205 353 1260; x_wconf 74' lang='lat' dir='ltr'><strong>amatio</strong></span> <span class='ocrx_word' id='word_1_56' title='bbox 371 1200 524 1261; x_wconf 87' lang='lat' dir='ltr'><strong>radicalis</strong></span> <span class='ocrx_word' id='word_1_57' title='bbox 544 1202 730 1263; x_wconf 83' lang='lat' dir='ltr'><strong>obtinetur:</strong></span> <span class='ocrx_word' id='word_1_58' title='bbox 753 1216 801 1263; x_wconf 89' lang='lat' dir='ltr'><strong>ast</strong></span> <span class='ocrx_word' id='word_1_59' title='bbox 819 1207 846 1261; x_wconf 91' lang='lat' dir='ltr'><strong>si</strong></span> <span class='ocrx_word' id='word_1_60' title='bbox 865 1197 947 1260; x_wconf 87' lang='lat' dir='ltr'><strong>haec</strong></span> <span class='ocrx_word' id='word_1_61' title='bbox 962 1206 1102 1264; x_wconf 82' lang='lat' dir='ltr'><strong>sanatio·</strong></span> 
     </span>
     <span class='ocr_line' id='line_1_10' title="bbox 58 1288 1103 1371; baseline 0.002 -16"><span class='ocrx_word' id='word_1_62' title='bbox 58 1297 102 1355; x_wconf 86' lang='lat' dir='ltr'><strong>nis</strong></span> <span class='ocrx_word' id='word_1_63' title='bbox 119 1288 303 1353; x_wconf 73' lang='lat' dir='ltr'><strong>methodus</strong></span> <span class='ocrx_word' id='word_1_64' title='bbox 316 1292 403 1365; x_wconf 79' lang='lat' dir='ltr'><strong>iuxta</strong></span> <span class='ocrx_word' id='word_1_65' title='bbox 422 1289 553 1370; x_wconf 86' lang='lat' dir='ltr'><strong>regulas</strong></span> <span class='ocrx_word' id='word_1_66' title='bbox 574 1298 610 1350; x_wconf 90' lang='lat' dir='ltr'><strong>in</strong></span> <span class='ocrx_word' id='word_1_67' title='bbox 628 1297 885 1371; x_wconf 70' lang='lat' dir='ltr'><strong>praesentiarum</strong></span> <span class='ocrx_word' id='word_1_68' title='bbox 897 1312 968 1353; x_wconf 89' lang='lat' dir='ltr'><strong>non</strong></span> <span class='ocrx_word' id='word_1_69' title='bbox 990 1315 1103 1368; x_wconf 86' lang='lat' dir='ltr'><strong>emen·</strong></span> 
     </span>
     <span class='ocr_line' id='line_1_11' title="bbox 61 1384 1101 1462; baseline 0.001 -15"><span class='ocrx_word' id='word_1_70' title='bbox 61 1386 150 1447; x_wconf 82' lang='lat' dir='ltr'><strong>datas</strong></span> <span class='ocrx_word' id='word_1_71' title='bbox 163 1385 373 1455; x_wconf 84' lang='lat' dir='ltr'><strong>instituitur,-</strong></span> <span class='ocrx_word' id='word_1_72' title='bbox 389 1403 428 1442; x_wconf 84' lang='lat' dir='ltr'><strong>cx</strong></span> <span class='ocrx_word' id='word_1_73' title='bbox 448 1384 553 1442; x_wconf 87' lang='lat' dir='ltr'><strong>altera</strong></span> <span class='ocrx_word' id='word_1_74' title='bbox 570 1398 663 1461; x_wconf 83' lang='lat' dir='ltr'><strong>parte</strong></span> <span class='ocrx_word' id='word_1_75' title='bbox 681 1386 769 1444; x_wconf 89' lang='lat' dir='ltr'><strong>malo</strong></span> <span class='ocrx_word' id='word_1_76' title='bbox 789 1388 943 1462; x_wconf 88' lang='lat' dir='ltr'><strong>primario</strong></span> <span class='ocrx_word' id='word_1_77' title='bbox 964 1390 1101 1449; x_wconf 87' lang='lat' dir='ltr'><strong>omnino</strong></span> 
     </span>
     <span class='ocr_line' id='line_1_12' title="bbox 59 1472 1102 1557; baseline 0 -18"><span class='ocrx_word' id='word_1_78' title='bbox 59 1475 179 1539; x_wconf 80' lang='lat' dir='ltr'><strong>sublato</strong></span> <span class='ocrx_word' id='word_1_79' title='bbox 201 1472 294 1534; x_wconf 88' lang='lat' dir='ltr'><strong>aliud</strong></span> <span class='ocrx_word' id='word_1_80' title='bbox 312 1472 538 1546; x_wconf 86' lang='lat' dir='ltr'><strong>substituitur,·</strong></span> <span class='ocrx_word' id='word_1_81' title='bbox 550 1475 643 1556; x_wconf 86' lang='lat' dir='ltr'><strong>quod</strong></span> <span class='ocrx_word' id='word_1_82' title='bbox 663 1495 761 1557; x_wconf 83' lang='lat' dir='ltr'><strong>aegro</strong></span> <span class='ocrx_word' id='word_1_83' title='bbox 783 1472 963 1549; x_wconf 90' lang='lat' dir='ltr'><strong>doloribus,</strong></span> <span class='ocrx_word' id='word_1_84' title='bbox 983 1492 1102 1538; x_wconf 85' lang='lat' dir='ltr'><strong>etma-</strong></span> 
     </span>
     <span class='ocr_line' id='line_1_13' title="bbox 58 1563 1103 1646; baseline -0.001 -18"><span class='ocrx_word' id='word_1_85' title='bbox 58 1567 92 1628; x_wconf 83' lang='lat' dir='ltr'><strong>lia</strong></span> <span class='ocrx_word' id='word_1_86' title='bbox 113 1563 285 1635; x_wconf 85' lang='lat' dir='ltr'><strong>effectibus</strong></span> <span class='ocrx_word' id='word_1_87' title='bbox 303 1583 374 1624; x_wconf 89' lang='lat' dir='ltr'><strong>non</strong></span> <span class='ocrx_word' id='word_1_88' title='bbox 393 1568 501 1627; x_wconf 86' lang='lat' dir='ltr'><strong>minus</strong></span> <span class='ocrx_word' id='word_1_89' title='bbox 521 1568 685 1628; x_wconf 78' lang='lat' dir='ltr'><strong>infensum</strong></span> <span class='ocrx_word' id='word_1_90' title='bbox 706 1581 738 1626; x_wconf 92' lang='lat' dir='ltr'><strong>et</strong></span> <span class='ocrx_word' id='word_1_91' title='bbox 752 1568 982 1646; x_wconf 87' lang='lat' dir='ltr'><strong>perniciosum,</strong></span> <span class='ocrx_word' id='word_1_92' title='bbox 1004 1587 1103 1646; x_wconf 87' lang='lat' dir='ltr'><strong>quam</strong></span> 
     </span>
     <span class='ocr_line' id='line_1_14' title="bbox 59 1653 1103 1738; baseline 0.001 -21"><span class='ocrx_word' id='word_1_93' title='bbox 59 1661 193 1738; x_wconf 82' lang='lat' dir='ltr'><strong>primurn</strong></span> <span class='ocrx_word' id='word_1_94' title='bbox 211 1656 290 1728; x_wconf 86' lang='lat' dir='ltr'><strong>luit,</strong></span> <span class='ocrx_word' id='word_1_95' title='bbox 312 1653 437 1714; x_wconf 86' lang='lat' dir='ltr'><strong>evadat.</strong></span> <span class='ocrx_word' id='word_1_96' title='bbox 483 1658 536 1719; x_wconf 84' lang='lat' dir='ltr'><strong>Ad</strong></span> <span class='ocrx_word' id='word_1_97' title='bbox 559 1663 728 1719; x_wconf 81' lang='lat' dir='ltr'><strong>veritatem</strong></span> <span class='ocrx_word' id='word_1_98' title='bbox 753 1656 847 1734; x_wconf 88' lang='lat' dir='ltr'><strong>hujus</strong></span> <span class='ocrx_word' id='word_1_99' title='bbox 877 1662 987 1718; x_wconf 83' lang='lat' dir='ltr'><strong>asserti</strong></span> <span class='ocrx_word' id='word_1_100' title='bbox 1013 1678 1103 1718; x_wconf 87' lang='lat' dir='ltr'><strong>com·</strong></span> 
     </span>
     <span class='ocr_line' id='line_1_15' title="bbox 60 1746 1104 1831; baseline 0.004 -24"><span class='ocrx_word' id='word_1_101' title='bbox 60 1746 289 1827; x_wconf 86' lang='lat' dir='ltr'><strong>probandam</strong></span> <span class='ocrx_word' id='word_1_102' title='bbox 279 1753 457 1809; x_wconf 74' lang='lat' dir='ltr'><strong>inserviant</strong></span> <span class='ocrx_word' id='word_1_103' title='bbox 478 1747 631 1823; x_wconf 88' lang='lat' dir='ltr'><strong>effectus,</strong></span> <span class='ocrx_word' id='word_1_104' title='bbox 654 1755 712 1831; x_wconf 92' lang='lat' dir='ltr'><strong>qui</strong></span> <span class='ocrx_word' id='word_1_105' title='bbox 738 1764 931 1811; x_wconf 87' lang='lat' dir='ltr'><strong>emanarunt</strong></span> <span class='ocrx_word' id='word_1_106' title='bbox 957 1769 994 1810; x_wconf 90' lang='lat' dir='ltr'><strong>ex</strong></span> <span class='ocrx_word' id='word_1_107' title='bbox 1022 1771 1104 1829; x_wconf 87' lang='lat' dir='ltr'><strong>ope-</strong></span> 
     </span>
     <span class='ocr_line' id='line_1_16' title="bbox 60 1838 1104 1945; baseline 0.002 -46"><span class='ocrx_word' id='word_1_108' title='bbox 60 1838 236 1899; x_wconf 90' lang='lat' dir='ltr'><strong>rationibus</strong></span> <span class='ocrx_word' id='word_1_109' title='bbox 265 1844 427 1945; x_wconf 85' lang='lat' dir='ltr'><strong>eutropii,</strong></span> <span class='ocrx_word' id='word_1_110' title='bbox 453 1861 536 1919; x_wconf 86' lang='lat' dir='ltr'><strong>quas</strong></span> <span class='ocrx_word' id='word_1_111' title='bbox 566 1843 731 1913; x_wconf 70' lang='lat' dir='ltr'><strong>Aetius,</strong></span> <span class='ocrx_word' id='word_1_112' title='bbox 761 1839 969 1914; x_wconf 84' lang='lat' dir='ltr'><strong>Bartisch‚</strong></span> <span class='ocrx_word' id='word_1_113' title='bbox 1002 1840 1104 1901; x_wconf 88' lang='lat' dir='ltr'><strong>Hei·</strong></span> 
     </span>
     <span class='ocr_line' id='line_1_17' title="bbox 62 1914 1104 2006; baseline 0.002 -17"><span class='ocrx_word' id='word_1_114' title='bbox 62 1930 313 2003; x_wconf 84' lang='lat' dir='ltr'><strong>ster,Were,</strong></span> <span class='ocrx_word' id='word_1_115' title='bbox 337 1914 569 2006; x_wconf 82' lang='lat' dir='ltr'><strong>Ch&#39;andler,</strong></span> <span class='ocrx_word' id='word_1_116' title='bbox 588 1931 800 1994; x_wconf 86' lang='lat' dir='ltr'><strong>Saunders</strong></span> <span class='ocrx_word' id='word_1_117' title='bbox 827 1930 1104 1995; x_wconf 83' lang='lat' dir='ltr'><strong>etaliinormam</strong></span> 
     </span>
     <span class='ocr_line' id='line_1_18' title="bbox 60 2017 770 2101; baseline 0.009 -22"><span class='ocrx_word' id='word_1_118' title='bbox 60 2017 168 2083; x_wconf 91' lang='lat' dir='ltr'><strong>borum</strong></span> <span class='ocrx_word' id='word_1_119' title='bbox 195 2035 448 2101; x_wconf 87' lang='lat' dir='ltr'><strong>praeceptorum</strong></span> <span class='ocrx_word' id='word_1_120' title='bbox 466 2028 571 2085; x_wconf 87' lang='lat' dir='ltr'><strong>secuti</strong></span> <span class='ocrx_word' id='word_1_121' title='bbox 589 2030 770 2087; x_wconf 88' lang='lat' dir='ltr'><strong>instituere</strong></span> 
     </span>
    </p>
   </div>
   <div class='ocr_carea' id='block_1_3' title="bbox 58 2129 1150 2939">
    <p class='ocr_par' dir='ltr' id='par_1_4' title="bbox 58 2129 1150 2939">
     <span class='ocr_line' id='line_1_19' title="bbox 128 2129 1104 2212; baseline 0.004 -22"><span class='ocrx_word' id='word_1_122' title='bbox 128 2130 212 2190; x_wconf 89' lang='lat' dir='ltr'><strong>Cum</strong></span> <span class='ocrx_word' id='word_1_123' title='bbox 231 2147 310 2188; x_wconf 85' lang='lat' dir='ltr'><strong>vero</strong></span> <span class='ocrx_word' id='word_1_124' title='bbox 333 2148 471 2202; x_wconf 83' lang='lat' dir='ltr'><strong>causam,</strong></span> <span class='ocrx_word' id='word_1_125' title='bbox 495 2151 534 2190; x_wconf 87' lang='lat' dir='ltr'><strong>ex</strong></span> <span class='ocrx_word' id='word_1_126' title='bbox 555 2151 621 2210; x_wconf 91' lang='lat' dir='ltr'><strong>qua</strong></span> <span class='ocrx_word' id='word_1_127' title='bbox 640 2129 722 2192; x_wconf 91' lang='lat' dir='ltr'><strong>haec</strong></span> <span class='ocrx_word' id='word_1_128' title='bbox 741 2148 852 2192; x_wconf 86' lang='lat' dir='ltr'><strong>nostra</strong></span> <span class='ocrx_word' id='word_1_129' title='bbox 874 2131 943 2190; x_wconf 87' lang='lat' dir='ltr'><strong>aliis</strong></span> <span class='ocrx_word' id='word_1_130' title='bbox 962 2150 1104 2212; x_wconf 88' lang='lat' dir='ltr'><strong>praepo</strong></span> 
     </span>
     <span class='ocr_line' id='line_1_20' title="bbox 60 2218 1103 2303; baseline 0.007 -26"><span class='ocrx_word' id='word_1_131' title='bbox 60 2221 117 2277; x_wconf 86' lang='lat' dir='ltr'><strong>sita</strong></span> <span class='ocrx_word' id='word_1_132' title='bbox 133 2223 309 2281; x_wconf 84' lang='lat' dir='ltr'><strong>sanationis</strong></span> <span class='ocrx_word' id='word_1_133' title='bbox 330 2226 435 2293; x_wconf 88' lang='lat' dir='ltr'><strong>ratio,</strong></span> <span class='ocrx_word' id='word_1_134' title='bbox 465 2222 528 2281; x_wconf 88' lang='lat' dir='ltr'><strong>ad</strong></span> <span class='ocrx_word' id='word_1_135' title='bbox 525 2240 774 2303; x_wconf 82' lang='lat' dir='ltr'><strong>quamcumque</strong></span> <span class='ocrx_word' id='word_1_136' title='bbox 794 2218 986 2282; x_wconf 88' lang='lat' dir='ltr'><strong>methodum</strong></span> <span class='ocrx_word' id='word_1_137' title='bbox 1012 2228 1103 2284; x_wconf 84' lang='lat' dir='ltr'><strong>iusti·</strong></span> 
     </span>
     <span class='ocr_line' id='line_1_21' title="bbox 61 2304 1150 2396; baseline 0.006 -26"><span class='ocrx_word' id='word_1_138' title='bbox 61 2322 144 2384; x_wconf 83' lang='lat' dir='ltr'><strong>tuta,</strong></span> <span class='ocrx_word' id='word_1_139' title='bbox 177 2304 393 2374; x_wconf 83' lang='lat' dir='ltr'><strong>nihilominus</strong></span> <span class='ocrx_word' id='word_1_140' title='bbox 421 2318 657 2393; x_wconf 81' lang='lat' dir='ltr'><strong>exoptatus-vir</strong></span> <span class='ocrx_word' id='word_1_141' title='bbox 675 2334 822 2396; x_wconf 89' lang='lat' dir='ltr'><strong>unquam</strong></span> <span class='ocrx_word' id='word_1_142' title='bbox 841 2319 1036 2393; x_wconf 86' lang='lat' dir='ltr'><strong>praestiterit</strong></span> <span class='ocrx_word' id='word_1_143' title='bbox 1055 2316 1104 2376; x_wconf 83' lang='lat' dir='ltr'><strong>ef·</strong></span> <span class='ocrx_word' id='word_1_144' title='bbox 1147 2364 1150 2367; x_wconf 66' lang='lat'><em>,</em></span> 
     </span>
     <span class='ocr_line' id='line_1_22' title="bbox 60 2400 1103 2487; baseline 0.005 -26"><span class='ocrx_word' id='word_1_145' title='bbox 60 2400 177 2477; x_wconf 80' lang='lat' dir='ltr'><strong>lectur,</strong></span> <span class='ocrx_word' id='word_1_146' title='bbox 207 2408 244 2466; x_wconf 88' lang='lat' dir='ltr'><strong>in</strong></span> <span class='ocrx_word' id='word_1_147' title='bbox 264 2408 437 2466; x_wconf 90' lang='lat' dir='ltr'><strong>momentis</strong></span> <span class='ocrx_word' id='word_1_148' title='bbox 462 2405 699 2467; x_wconf 88' lang='lat' dir='ltr'><strong>indicationem</strong></span> <span class='ocrx_word' id='word_1_149' title='bbox 719 2404 932 2487; x_wconf 83' lang='lat' dir='ltr'><strong>dirigentibus</strong></span> <span class='ocrx_word' id='word_1_150' title='bbox 951 2424 1022 2466; x_wconf 90' lang='lat' dir='ltr'><strong>non</strong></span> <span class='ocrx_word' id='word_1_151' title='bbox 1034 2410 1103 2466; x_wconf 82' lang='lat' dir='ltr'><strong>rite</strong></span> 
     </span>
     <span class='ocr_line' id='line_1_23' title="bbox 58 2496 1105 2576; baseline 0.009 -27"><span class='ocrx_word' id='word_1_152' title='bbox 58 2497 206 2571; x_wconf 84' lang='lat' dir='ltr'><strong>expositis</strong></span> <span class='ocrx_word' id='word_1_153' title='bbox 234 2498 458 2576; x_wconf 84' lang='lat' dir='ltr'><strong>quaerendam</strong></span> <span class='ocrx_word' id='word_1_154' title='bbox 487 2516 557 2558; x_wconf 88' lang='lat' dir='ltr'><strong>esse</strong></span> <span class='ocrx_word' id='word_1_155' title='bbox 577 2496 756 2567; x_wconf 88' lang='lat' dir='ltr'><strong>credimus;</strong></span> <span class='ocrx_word' id='word_1_156' title='bbox 786 2496 840 2557; x_wconf 92' lang='lat' dir='ltr'><strong>hic</strong></span> <span class='ocrx_word' id='word_1_157' title='bbox 864 2496 961 2557; x_wconf 87' lang='lat' dir='ltr'><strong>nobis</strong></span> <span class='ocrx_word' id='word_1_158' title='bbox 987 2501 1028 2556; x_wconf 91' lang='lat' dir='ltr'><strong>sit</strong></span> <span class='ocrx_word' id='word_1_159' title='bbox 1052 2497 1105 2558; x_wconf 84' lang='lat'><strong>10·.</strong></span> 
     </span>
     <span class='ocr_line' id='line_1_24' title="bbox 63 2585 1105 2667; baseline 0.006 -25"><span class='ocrx_word' id='word_1_160' title='bbox 63 2601 124 2656; x_wconf 84' lang='lat' dir='ltr'><strong>cus,</strong></span> <span class='ocrx_word' id='word_1_161' title='bbox 142 2585 279 2666; x_wconf 81' lang='lat' dir='ltr'><strong>singulis</strong></span> <span class='ocrx_word' id='word_1_162' title='bbox 300 2586 394 2664; x_wconf 88' lang='lat' dir='ltr'><strong>hujus</strong></span> <span class='ocrx_word' id='word_1_163' title='bbox 414 2588 521 2649; x_wconf 88' lang='lat' dir='ltr'><strong>morbi</strong></span> <span class='ocrx_word' id='word_1_164' title='bbox 540 2588 711 2667; x_wconf 81' lang='lat' dir='ltr'><strong>speciebus</strong></span> <span class='ocrx_word' id='word_1_165' title='bbox 729 2602 898 2648; x_wconf 88' lang='lat' dir='ltr'><strong>momenta</strong></span> <span class='ocrx_word' id='word_1_166' title='bbox 918 2601 951 2646; x_wconf 90' lang='lat' dir='ltr'><strong>et</strong></span> <span class='ocrx_word' id='word_1_167' title='bbox 966 2591 1105 2648; x_wconf 86' lang='lat' dir='ltr'><strong>circum·</strong></span> 
     </span>
     <span class='ocr_line' id='line_1_25' title="bbox 61 2677 1105 2757; baseline 0.003 -24"><span class='ocrx_word' id='word_1_168' title='bbox 61 2681 202 2750; x_wconf 78' lang='lat' dir='ltr'><strong>stantiae,</strong></span> <span class='ocrx_word' id='word_1_169' title='bbox 224 2698 310 2757; x_wconf 88' lang='lat' dir='ltr'><strong>quae</strong></span> <span class='ocrx_word' id='word_1_170' title='bbox 330 2699 427 2739; x_wconf 90' lang='lat' dir='ltr'><strong>curae</strong></span> <span class='ocrx_word' id='word_1_171' title='bbox 448 2677 666 2739; x_wconf 83' lang='lat' dir='ltr'><strong>differentiam</strong></span> <span class='ocrx_word' id='word_1_172' title='bbox 687 2683 901 2744; x_wconf 87' lang='lat' dir='ltr'><strong>constituunt,</strong></span> <span class='ocrx_word' id='word_1_173' title='bbox 921 2681 1105 2745; x_wconf 75' lang='lat' dir='ltr'><strong>accuratius</strong></span> 
     </span>
     <span class='ocr_line' id='line_1_26' title="bbox 63 2766 1110 2850; baseline 0.003 -23"><span class='ocrx_word' id='word_1_174' title='bbox 63 2772 234 2850; x_wconf 85' lang='lat' dir='ltr'><strong>assignare,</strong></span> <span class='ocrx_word' id='word_1_175' title='bbox 262 2784 299 2829; x_wconf 91' lang='lat' dir='ltr'><strong>ut</strong></span> <span class='ocrx_word' id='word_1_176' title='bbox 321 2770 476 2830; x_wconf 87' lang='lat' dir='ltr'><strong>indicatio</strong></span> <span class='ocrx_word' id='word_1_177' title='bbox 498 2771 690 2842; x_wconf 82' lang='lat' dir='ltr'><strong>rationalis,</strong></span> <span class='ocrx_word' id='word_1_178' title='bbox 713 2771 811 2831; x_wconf 86' lang='lat' dir='ltr'><strong>cuivis</strong></span> <span class='ocrx_word' id='word_1_179' title='bbox 830 2766 945 2830; x_wconf 81' lang='lat' dir='ltr'><strong>morbi</strong></span> <span class='ocrx_word' id='word_1_180' title='bbox 957 2771 1110 2830; x_wconf 82' lang='lat' dir='ltr'><strong>varietati-</strong></span> 
     </span>
     <span class='ocr_line' id='line_1_27' title="bbox 60 2859 751 2939; baseline -0.007 -17"><span class='ocrx_word' id='word_1_181' title='bbox 60 2864 204 2938; x_wconf 78' lang='lat' dir='ltr'><strong>apprime</strong></span> <span class='ocrx_word' id='word_1_182' title='bbox 225 2859 527 2939; x_wconf 67' lang='lat' dir='ltr'><strong>opposita-exinde</strong></span> <span class='ocrx_word' id='word_1_183' title='bbox 549 2864 619 2917; x_wconf 85' lang='lat' dir='ltr'><strong>erui</strong></span> <span class='ocrx_word' id='word_1_184' title='bbox 639 2862 751 2937; x_wconf 87' lang='lat' dir='ltr'><strong>possit.</strong></span> 
     </span>
    </p>
   </div>
   <div class='ocr_carea' id='block_1_4' title="bbox 128 2981 1202 3064">
    <p class='ocr_par' dir='ltr' id='par_1_5' title="bbox 128 2981 1202 3064">
     <span class='ocr_line' id='line_1_28' title="bbox 128 2981 1202 3064; baseline 0 -19"><span class='ocrx_word' id='word_1_185' title='bbox 128 2985 176 3045; x_wconf 84' lang='lat' dir='ltr'><strong>Ex</strong></span> <span class='ocrx_word' id='word_1_186' title='bbox 198 2987 393 3046; x_wconf 87' lang='lat' dir='ltr'><strong>enumeratis</strong></span> <span class='ocrx_word' id='word_1_187' title='bbox 416 2981 675 3056; x_wconf 87' lang='lat' dir='ltr'><strong>characteribus,</strong></span> <span class='ocrx_word' id='word_1_188' title='bbox 707 2996 740 3042; x_wconf 90' lang='lat' dir='ltr'><strong>et</strong></span> <span class='ocrx_word' id='word_1_189' title='bbox 760 2983 955 3047; x_wconf 78' lang='lat' dir='ltr'><strong>definitione</strong></span> <span class='ocrx_word' id='word_1_190' title='bbox 979 3004 1017 3044; x_wconf 87' lang='lat' dir='ltr'><strong>ex</strong></span> <span class='ocrx_word' id='word_1_191' title='bbox 1035 2988 1112 3064; x_wconf 75' lang='lat' dir='ltr'><strong>ipsa&#39;</strong></span> <span class='ocrx_word' id='word_1_192' title='bbox 1200 3034 1202 3037; x_wconf 87' lang='lat'><em>.</em></span> 
     </span>
    </p>
   </div>
   <div class='ocr_carea' id='block_1_5' title="bbox 62 3072 1110 3801">
    <p class='ocr_par' dir='ltr' id='par_1_6' title="bbox 62 3072 1110 3801">
     <span class='ocr_line' id='line_1_29' title="bbox 62 3072 1107 3158; baseline 0.004 -26"><span class='ocrx_word' id='word_1_193' title='bbox 62 3072 150 3147; x_wconf 89' lang='lat' dir='ltr'><strong>mali,</strong></span> <span class='ocrx_word' id='word_1_194' title='bbox 180 3073 223 3135; x_wconf 89' lang='lat' dir='ltr'><strong>de</strong></span> <span class='ocrx_word' id='word_1_195' title='bbox 250 3096 320 3158; x_wconf 91' lang='lat' dir='ltr'><strong>quo</strong></span> <span class='ocrx_word' id='word_1_196' title='bbox 346 3076 444 3138; x_wconf 87' lang='lat' dir='ltr'><strong>nobis</strong></span> <span class='ocrx_word' id='word_1_197' title='bbox 471 3072 640 3154; x_wconf 88' lang='lat' dir='ltr'><strong>hucusque</strong></span> <span class='ocrx_word' id='word_1_198' title='bbox 666 3093 773 3137; x_wconf 85' lang='lat' dir='ltr'><strong>sermo</strong></span> <span class='ocrx_word' id='word_1_199' title='bbox 800 3077 878 3157; x_wconf 72' lang='lat' dir='ltr'><strong>init,</strong></span> <span class='ocrx_word' id='word_1_200' title='bbox 902 3092 1021 3137; x_wconf 86' lang='lat' dir='ltr'><strong>natura</strong></span> <span class='ocrx_word' id='word_1_201' title='bbox 1049 3076 1107 3136; x_wconf 89' lang='lat' dir='ltr'><strong>de·</strong></span> 
     </span>
     <span class='ocr_line' id='line_1_30' title="bbox 64 3159 1108 3248; baseline 0 -21"><span class='ocrx_word' id='word_1_202' title='bbox 64 3159 218 3247; x_wconf 72' lang='lat' dir='ltr'><strong>prompta,</strong></span> <span class='ocrx_word' id='word_1_203' title='bbox 237 3183 287 3229; x_wconf 87' lang='lat' dir='ltr'><strong>sat</strong></span> <span class='ocrx_word' id='word_1_204' title='bbox 307 3167 404 3242; x_wconf 88' lang='lat' dir='ltr'><strong>clare,</strong></span> <span class='ocrx_word' id='word_1_205' title='bbox 426 3183 464 3228; x_wconf 86' lang='lat' dir='ltr'><strong>ut</strong></span> <span class='ocrx_word' id='word_1_206' title='bbox 483 3167 597 3228; x_wconf 86' lang='lat' dir='ltr'><strong>saltem</strong></span> <span class='ocrx_word' id='word_1_207' title='bbox 614 3166 785 3240; x_wconf 86' lang='lat' dir='ltr'><strong>credimus,</strong></span> <span class='ocrx_word' id='word_1_208' title='bbox 806 3182 956 3248; x_wconf 87' lang='lat' dir='ltr'><strong>apparet:</strong></span> <span class='ocrx_word' id='word_1_209' title='bbox 978 3187 1108 3228; x_wconf 83' lang='lat' dir='ltr'><strong>causam</strong></span> 
     </span>
     <span class='ocr_line' id='line_1_31' title="bbox 65 3258 1108 3335; baseline 0 -16"><span class='ocrx_word' id='word_1_210' title='bbox 65 3264 238 3335; x_wconf 86' lang='lat' dir='ltr'><strong>proximam</strong></span> <span class='ocrx_word' id='word_1_211' title='bbox 257 3261 424 3321; x_wconf 76' lang='lat' dir='ltr'><strong>trichiasis</strong></span> <span class='ocrx_word' id='word_1_212' title='bbox 444 3274 476 3320; x_wconf 91' lang='lat' dir='ltr'><strong>et</strong></span> <span class='ocrx_word' id='word_1_213' title='bbox 493 3258 694 3321; x_wconf 73' lang='lat' dir='ltr'><strong>distichiasis</strong></span> <span class='ocrx_word' id='word_1_214' title='bbox 712 3258 918 3318; x_wconf 87' lang='lat' dir='ltr'><strong>solummodo</strong></span> <span class='ocrx_word' id='word_1_215' title='bbox 935 3262 972 3318; x_wconf 91' lang='lat' dir='ltr'><strong>in</strong></span> <span class='ocrx_word' id='word_1_216' title='bbox 987 3258 1108 3320; x_wconf 86' lang='lat' dir='ltr'><strong>abnor-</strong></span> 
     </span>
     <span class='ocr_line' id='line_1_32' title="bbox 64 3349 1108 3431; baseline -0.003 -20"><span class='ocrx_word' id='word_1_217' title='bbox 64 3356 105 3411; x_wconf 86' lang='lat' dir='ltr'><strong>mi</strong></span> <span class='ocrx_word' id='word_1_218' title='bbox 124 3352 273 3413; x_wconf 90' lang='lat' dir='ltr'><strong>ciliorum</strong></span> <span class='ocrx_word' id='word_1_219' title='bbox 294 3353 495 3425; x_wconf 84' lang='lat' dir='ltr'><strong>directione,</strong></span> <span class='ocrx_word' id='word_1_220' title='bbox 515 3367 548 3411; x_wconf 87' lang='lat' dir='ltr'><strong>et</strong></span> <span class='ocrx_word' id='word_1_221' title='bbox 566 3349 719 3431; x_wconf 85' lang='lat' dir='ltr'><strong>morbosa</strong></span> <span class='ocrx_word' id='word_1_222' title='bbox 739 3353 887 3431; x_wconf 51' lang='lat' dir='ltr'><strong>origines</strong></span> <span class='ocrx_word' id='word_1_223' title='bbox 901 3363 957 3413; x_wconf 81' lang='lat' dir='ltr'><strong>aut</strong></span> <span class='ocrx_word' id='word_1_224' title='bbox 976 3364 1108 3431; x_wconf 81' lang='lat' dir='ltr'><strong>vegeta-</strong></span> 
     </span>
     <span class='ocr_line' id='line_1_33' title="bbox 64 3439 1109 3523; baseline -0.005 -22"><span class='ocrx_word' id='word_1_225' title='bbox 64 3443 149 3504; x_wconf 83' lang='lat' dir='ltr'><strong>tione</strong></span> <span class='ocrx_word' id='word_1_226' title='bbox 167 3458 300 3523; x_wconf 89' lang='lat' dir='ltr'><strong>praeter</strong></span> <span class='ocrx_word' id='word_1_227' title='bbox 320 3449 630 3507; x_wconf 82' lang='lat' dir='ltr'><strong>sanitatisnormam</strong></span> <span class='ocrx_word' id='word_1_228' title='bbox 651 3440 806 3512; x_wconf 76' lang='lat' dir='ltr'><strong>exaltata,</strong></span> <span class='ocrx_word' id='word_1_229' title='bbox 832 3439 977 3508; x_wconf 81' lang='lat' dir='ltr'><strong>latitare3</strong></span> <span class='ocrx_word' id='word_1_230' title='bbox 1009 3456 1109 3518; x_wconf 85' lang='lat' dir='ltr'><strong>quam</strong></span> 
     </span>
     <span class='ocr_line' id='line_1_34' title="bbox 63 3530 1109 3613; baseline -0.006 -21"><span class='ocrx_word' id='word_1_231' title='bbox 63 3530 103 3592; x_wconf 89' lang='lat' dir='ltr'><strong>ob</strong></span> <span class='ocrx_word' id='word_1_232' title='bbox 121 3554 190 3595; x_wconf 88' lang='lat' dir='ltr'><strong>rem</strong></span> <span class='ocrx_word' id='word_1_233' title='bbox 209 3534 334 3596; x_wconf 86' lang='lat' dir='ltr'><strong>relatae</strong></span> <span class='ocrx_word' id='word_1_234' title='bbox 350 3533 539 3598; x_wconf 87' lang='lat' dir='ltr'><strong>morborum</strong></span> <span class='ocrx_word' id='word_1_235' title='bbox 553 3535 691 3604; x_wconf 83' lang='lat' dir='ltr'><strong>formae,</strong></span> <span class='ocrx_word' id='word_1_236' title='bbox 709 3534 908 3608; x_wconf 81' lang='lat' dir='ltr'><strong>‚persistente</strong></span> <span class='ocrx_word' id='word_1_237' title='bbox 920 3532 1109 3613; x_wconf 83' lang='lat' dir='ltr'><strong>integritate</strong></span> 
     </span>
     <span class='ocr_line' id='line_1_35' title="bbox 64 3620 1110 3707; baseline -0.007 -21"><span class='ocrx_word' id='word_1_238' title='bbox 64 3640 99 3686; x_wconf 85' lang='lat' dir='ltr'><strong>at</strong></span> <span class='ocrx_word' id='word_1_239' title='bbox 116 3627 289 3688; x_wconf 86' lang='lat' dir='ltr'><strong>iunctione</strong></span> <span class='ocrx_word' id='word_1_240' title='bbox 308 3625 488 3707; x_wconf 86' lang='lat' dir='ltr'><strong>palpebrae</strong></span> <span class='ocrx_word' id='word_1_241' title='bbox 501 3620 680 3707; x_wconf 11' lang='lat' dir='ltr'><strong>&#39;affectaes</strong></span> <span class='ocrx_word' id='word_1_242' title='bbox 699 3638 870 3682; x_wconf 88' lang='lat' dir='ltr'><strong>occurrere</strong></span> <span class='ocrx_word' id='word_1_243' title='bbox 889 3624 1060 3700; x_wconf 84' lang='lat' dir='ltr'><strong>possunt,·</strong></span> <span class='ocrx_word' id='word_1_244' title='bbox 1076 3633 1110 3680; x_wconf 90' lang='lat' dir='ltr'><strong>et</strong></span> 
     </span>
     <span class='ocr_line' id='line_1_36' title="bbox 67 3719 598 3801; baseline -0.006 -23"><span class='ocrx_word' id='word_1_245' title='bbox 67 3734 173 3781; x_wconf 77' lang='lat' dir='ltr'><strong>revera</strong></span> <span class='ocrx_word' id='word_1_246' title='bbox 193 3719 390 3801; x_wconf 84' lang='lat' dir='ltr'><strong>plerumque</strong></span> <span class='ocrx_word' id='word_1_247' title='bbox 412 3727 598 3782; x_wconf 90' lang='lat' dir='ltr'><strong>occurrunt.</strong></span> 
     </span>
    </p>
   </div>
   <div class='ocr_carea' id='block_1_6' title="bbox 69 3839 1112 4199">
    <p class='ocr_par' dir='ltr' id='par_1_7' title="bbox 69 3839 1112 4199">
     <span class='ocr_line' id='line_1_37' title="bbox 127 3839 1112 3920; baseline -0.011 -13"><span class='ocrx_word' id='word_1_248' title='bbox 127 3846 234 3907; x_wconf 77' lang='lat' dir='ltr'><strong>Porro</strong></span> <span class='ocrx_word' id='word_1_249' title='bbox 253 3866 293 3919; x_wconf 78' lang='lat' dir='ltr'><strong>ex</strong></span> <span class='ocrx_word' id='word_1_250' title='bbox 312 3844 460 3908; x_wconf 89' lang='lat' dir='ltr'><strong>adductis</strong></span> <span class='ocrx_word' id='word_1_251' title='bbox 480 3843 656 3907; x_wconf 88' lang='lat' dir='ltr'><strong>obscurum</strong></span> <span class='ocrx_word' id='word_1_252' title='bbox 679 3839 816 3920; x_wconf 87' lang='lat' dir='ltr'><strong>amplius</strong></span> <span class='ocrx_word' id='word_1_253' title='bbox 834 3857 907 3900; x_wconf 88' lang='lat' dir='ltr'><strong>non</strong></span> <span class='ocrx_word' id='word_1_254' title='bbox 927 3841 1005 3910; x_wconf 86' lang='lat' dir='ltr'><strong>erit,</strong></span> <span class='ocrx_word' id='word_1_255' title='bbox 1027 3857 1112 3917; x_wconf 81' lang='lat' dir='ltr'><strong>quo·</strong></span> 
     </span>
     <span class='ocr_line' id='line_1_38' title="bbox 70 3927 1111 4017; baseline -0.003 -23"><span class='ocrx_word' id='word_1_256' title='bbox 70 3934 165 3999; x_wconf 82' lang='lat' dir='ltr'><strong>modo</strong></span> <span class='ocrx_word' id='word_1_257' title='bbox 193 3958 214 3997; x_wconf 91' lang='lat' dir='ltr'><strong>e</strong></span> <span class='ocrx_word' id='word_1_258' title='bbox 251 3941 415 3999; x_wconf 91' lang='lat' dir='ltr'><strong>contrario</strong></span> <span class='ocrx_word' id='word_1_259' title='bbox 443 3943 631 4017; x_wconf 82' lang='lat' dir='ltr'><strong>eutropium</strong></span> <span class='ocrx_word' id='word_1_260' title='bbox 657 3939 801 3995; x_wconf 88' lang='lat' dir='ltr'><strong>vitiatam</strong></span> <span class='ocrx_word' id='word_1_261' title='bbox 827 3930 1005 4011; x_wconf 89' lang='lat' dir='ltr'><strong>palpebrae</strong></span> <span class='ocrx_word' id='word_1_262' title='bbox 1032 3927 1111 3991; x_wconf 85' lang='lat' dir='ltr'><strong>affe·</strong></span> 
     </span>
     <span class='ocr_line' id='line_1_39' title="bbox 69 4028 1111 4109; baseline -0.004 -23"><span class='ocrx_word' id='word_1_263' title='bbox 69 4039 137 4087; x_wconf 86' lang='lat' dir='ltr'><strong>ctae</strong></span> <span class='ocrx_word' id='word_1_264' title='bbox 155 4029 313 4100; x_wconf 84' lang='lat' dir='ltr'><strong>formam,</strong></span> <span class='ocrx_word' id='word_1_265' title='bbox 341 4041 374 4087; x_wconf 91' lang='lat' dir='ltr'><strong>et</strong></span> <span class='ocrx_word' id='word_1_266' title='bbox 392 4033 583 4109; x_wconf 86' lang='lat' dir='ltr'><strong>praeprimis</strong></span> <span class='ocrx_word' id='word_1_267' title='bbox 603 4031 678 4088; x_wconf 90' lang='lat' dir='ltr'><strong>tarsi</strong></span> <span class='ocrx_word' id='word_1_268' title='bbox 699 4045 764 4104; x_wconf 87' lang='lat' dir='ltr'><strong>qua</strong></span> <span class='ocrx_word' id='word_1_269' title='bbox 784 4041 913 4082; x_wconf 86' lang='lat' dir='ltr'><strong>causam</strong></span> <span class='ocrx_word' id='word_1_270' title='bbox 931 4028 1111 4103; x_wconf 87' lang='lat' dir='ltr'><strong>proximam</strong></span> 
     </span>
     <span class='ocr_line' id='line_1_40' title="bbox 69 4112 1110 4199; baseline -0.003 -22"><span class='ocrx_word' id='word_1_271' title='bbox 69 4134 235 4199; x_wconf 72' lang='lat' dir='ltr'><strong>agnoscat,</strong></span> <span class='ocrx_word' id='word_1_272' title='bbox 256 4134 290 4182; x_wconf 85' lang='lat' dir='ltr'><strong>et</strong></span> <span class='ocrx_word' id='word_1_273' title='bbox 308 4122 407 4196; x_wconf 87' lang='lat' dir='ltr'><strong>proin</strong></span> <span class='ocrx_word' id='word_1_274' title='bbox 435 4124 471 4179; x_wconf 90' lang='lat' dir='ltr'><strong>in</strong></span> <span class='ocrx_word' id='word_1_275' title='bbox 493 4119 649 4182; x_wconf 60' lang='lat' dir='ltr'><strong>tacitast</strong></span> <span class='ocrx_word' id='word_1_276' title='bbox 673 4131 708 4190; x_wconf 78' lang='lat' dir='ltr'><strong>et</strong></span> <span class='ocrx_word' id='word_1_277' title='bbox 733 4112 919 4181; x_wconf 76' lang='lat' dir='ltr'><strong>distichiasi</strong></span> <span class='ocrx_word' id='word_1_278' title='bbox 944 4114 1110 4187; x_wconf 80' lang='lat' dir='ltr'><strong>morbosa,</strong></span> 
     </span>
    </p>
   </div>
   <div class='ocr_carea' id='block_1_7' title="bbox 101 4222 848 4320">
    <p class='ocr_par' dir='ltr' id='par_1_8' title="bbox 101 4222 848 4320">
     <span class='ocr_line' id='line_1_41' title="bbox 101 4222 848 4320; baseline -0.001 -29"><span class='ocrx_word' id='word_1_279' title='bbox 101 4244 191 4292; x_wconf 80' lang='lat' dir='ltr'><strong>liamr</strong></span> <span class='ocrx_word' id='word_1_280' title='bbox 207 4247 302 4309; x_wconf 77' lang='lat' dir='ltr'><strong>script.</strong></span> <span class='ocrx_word' id='word_1_281' title='bbox 311 4242 466 4307; x_wconf 70' lang='lat' dir='ltr'><strong>aptitatus.</strong></span> <span class='ocrx_word' id='word_1_282' title='bbox 477 4245 540 4295; x_wconf 83' lang='lat' dir='ltr'><strong>min.</strong></span> <span class='ocrx_word' id='word_1_283' title='bbox 556 4246 586 4320; x_wconf 64' lang='lat' dir='ltr'><strong>l&#39;.</strong></span> <span class='ocrx_word' id='word_1_284' title='bbox 815 4222 848 4283; x_wconf 72' lang='lat' dir='ltr'><strong>N</strong></span> 
     </span>
    </p>
   </div>
   <div class='ocr_carea' id='block_1_8' title="bbox 0 0 1379 4960">
    <p class='ocr_par' dir='ltr' id='par_1_9' title="bbox 0 0 1379 4960">
     <span class='ocr_line' id='line_1_42' title="bbox 0 0 1379 4960; baseline 0 0"><span class='ocrx_word' id='word_1_285' title='bbox 0 0 1379 4960; x_wconf 95' lang='lat' dir='ltr'><strong> </strong></span> 
     </span>
    </p>
   </div>
  </div>
 </body>
</html>
