2746 4964
319 384 442 439 ,esses
468 385 592 433 ursuu
613 384 833 433 errrorem.
1060 369 1108 437 tr.

66 530 139 587 conti
156 529 302 604 speciem,
323 544 398 607 quae
417 528 528 605 prieti,
551 536 578 585 ι’
593 545 701 593 cornea
713 525 850 601 :refluum
870 536 942 587 nats
962 537 1025 603 ast,
1046 530 1109 589 iter
1183 544 1185 551 ¹

65 644 185 704 rumque
202 629 322 705 speculo
342 625 472 698 reddita,
493 643 616 702 seraque
636 643 697 689 nou
718 645 735 682 e
755 642 868 687 summa
889 644 1022 689 corneae*
1032 645 1110 707 pro--

65 727 212 800 anestia,
233 724 286 784 sed
305 722 343 783 ub
357 724 481 782 'interna
497 731 593 800 parte,
613 710 799 800 propeaxin.
833 722 994 801 Objeesum«
1007 726 1104 801 ipsum
1125 716 1127 724 ἱ

65 825 153 904 igitur
174 824 212 882 ad
228 825 293 881 axis
309 830 423 897 partem
442 822 756 899 intusa-peculum
771 819 946 884 deflectitur.
989 821 1104 885 Dehinc

65 921 133 981 illud
152 923 318 981 nomadum
337 930 401 993 eet,
421 919 624 998 quaternate
645 919 729 981 verbi
749 924 838 979 sensu
857 922 961 979 oculus
982 924 1033 980 axi
1053 942 1104 981 cs-

65 1029 144 1093 reat3
177 1022 222 1079 ita
248 1022 325 1079 eninr
352 1018 487 1077 emolitus
515 1027 579 1090 est,
615 1028 649 1076 ut
672 1021 736 1077 exis
758 1020 847 1077 lentis
878 1037 946 1077 cum
968 1036 1021 1101 eo,
1052 1023 1106 1099 qui

65 1117 336 1178 adiumentum
363 1118 490 1189 munit,
519 1133 581 1173 non
608 1116 762 1176 coincidet.
786 1114 975 1193 ‘Quod-jam
997 1118 1106 1178 dudum

67 1212 245 1297 Vsa-alius
258 1214 481 1292 ‘pulsertaviu
491 1209 547 1275 ul.
560 1211 697 1271 arnseo
713 1208 799 1271 icone
810 1212 970 1274 illustravit
982 1216 1024 1291 ²),
1045 1216 1107 1277 dis-

66 1315 185 1373 tinctius
206 1325 314 1390 postea
330 1311 563 1371 menuitztnn
577 1310 625 1385 ³),
655 1315 739 1388 cujus
759 1312 822 1405 ipsu
843 1313 932 1371 lieeot
951 1314 1043 1375 verba
1062 1316 1108 1377 al·
1199 1316 1202 1321 ’

68 1411 157 1472 ferro:
191 1411 290 1487 „Situ
309 1429 380 1491 ergo
402 1420 454 1470 ‘cst
481 1411 544 1468 lens
572 1412 742 1491 crystallino
768 1411 801 1468 in
827 1411 923 1469 medio
949 1415 999 1471 axi
1017 1416 1108 1487 oculi,

67 1529 148 1587 „per
167 1521 310 1575 centrum
324 1510 449 1586 pupillae
470 1516 660 1584 transeunte;
682 1526 749 1568 curn
765 1520 863 1569 autem
880 1510 978 1569 etiris
996 1522 1026 1569 et
1042 1529 1110 1569 cor·

70 1611 262 1683 „pusciliare
283 1608 421 1671 annulum
436 1627 457 1666 s
474 1608 568 1665 utere
586 1608 711 1695 interno,
721 1612 922 1688 angustiorem
940 1608 1118 1684 exhibeant,¹

7 1762 9 1779 ,
71 1707 185 1779 „lentis
208 1708 395 1787 crystallinae
423 1715 557 1765 centrum
583 1706 701 1784 propius
717 1707 768 1765 ed
788 1708 936 1766 internum
955 1708 1033 1764 oauli
1055 1726 1114 1767 an·
1146 1782 1159 1789 ..

70 1807 200 1885 „gulum
219 1807 379 1880 accedere,
407 1815 440 1865 et
459 1807 539 1865 intra
558 1794 692 1880 plenum,
713 1806 793 1884 quod
814 1806 852 1865 ed
871 1804 1112 1883 perpendiculum

68 1903 278 1977 „descendens
306 1906 424 1964 oculum
451 1905 484 1963 ln
511 1903 648 1963 dextrum
675 1910 707 1962 et
735 1907 887 1963 sinistrum
920 1900 1041 1979 dividit,
1079 1906 1112 1965 in

72 2004 286 2076 „medietatem
306 2004 475 2063 Interiorem
495 2002 633 2061 secedere
656 2000 792 2076 videtur,
813 2032 857 2046 -
883 2004 940 2059 etsi
961 2003 992 2059 in
1012 2005 1112 2079 plano,

70 2103 175 2180 „quod
197 2121 251 2179 per
270 2101 395 2159 medium
416 2102 487 2159 axin
506 2102 585 2158 oculi
606 2096 643 2158 ab
664 2098 860 2158 anterioribus
884 2100 922 2158 od
948 2103 1113 2177 posteriora

69 2197 320 2272 „hofizontaliter
330 2200 447 2258 oculum
459 2199 491 2257 in
507 2199 578 2258 duos
590 2208 689 2275 portes
707 2208 800 2272 secat,
821 2199 938 2257 omnino
951 2207 1111 2277 ponetur.”

152 2298 233 2359 Huie
252 2298 330 2356 oculi
343 2306 511 2356 structurae
528 2295 715 2357 tribuendum
732 2310 846 2377 quoque
864 2298 1011 2372 existimo,
1034 2296 1112 2379 quod

69 2398 176 2473 pupillo
195 2396 375 2469 artificialis,
410 2412 467 2472 quo
488 2398 608 2473 propior
627 2399 744 2454 interno
765 2394 874 2453 centho
897 2404 959 2467 est,
988 2414 1023 2454 co
1044 2412 1113 2472 per·

70 2493 175 2554 lectius
206 2494 358 2554 naturalis
375 2510 497 2554 munere
516 2494 676 2574 fungatur,
708 2496 860 2572 visamque
881 2490 987 2551 reddat
1007 2495 1117 2552 clario-

69 2610 145 2668 rem3
174 2612 244 2652 cum
264 2595 341 2651 enim
361 2594 424 2651 lens
445 2568 585 2670 majo'rem
605 2580 717 2670 partem
738 2608 842 2649 versus
864 2586 1002 2650 canthum
1022 2591 1116 2649 inter-

71 2709 138 2751 num
160 2680 357 2763 extendatur,
392 2701 479 2769 etque
504 2682 713 2768 lruie'prapio‘r
741 2691 780 2746 sit
806 2706 894 2768 quarn
915 2697 1057 2773 externo,
1086 2696 1117 2773 et

71 2790 189 2865 nuos,
222 2791 259 2851 sb
287 2789 404 2848 interna
433 2798 516 2864 porte
543 2788 701 2861 advectos,
732 2782 842 2864 iunJore
864 2786 948 2862 cepio
967 2787 1000 2843 iu
1019 2770 1117 2844 retine
1173 2792 1177 2799 '

59 2891 149 2949 ,come
166 2890 378 2965 consequitur,
412 2902 499 2966 qnam
518 2889 545 2945 si
564 2902 617 2964 per
632 2884 776 2966 pupillam
798 2886 973 2943 exteriorem
994 2875 1116 2943 immissi

73 2989 186 3047 minore
207 2988 297 3046 lentis
317 2995 402 3062 parte
422 2985 635 3065 refringantur,
656 2997 745 3061 utque
767 2983 872 3042 exinde
889 2984 982 3060 priori
997 2984 1030 3042 in
1046 3001 1117 3042 casu
1141 2976 1155 3021 ἶ

72 3086 230 3146 clariorem
250 3084 359 3162 objecti
377 3072 533 3161 picturum*
544 3092 727 3160 componere.

165 3183 308 3244 Rellexae
337 3196 463 3242 corneae
487 3184 624 3263 imaginis
652 3183 809 3242 declinatio
837 3199 941 3243 versus
969 3179 1118 3240 internum

76 3284 151 3349 oculi
172 3280 316 3342 canthum
337 3280 475 3341 fflttiuete
495 3281 618 3359 probet,
639 3290 780 3358 punctum
799 3279 891 3354 illud,
914 3278 952 3337 od
974 3280 1051 3356 quod
1072 3283 1119 3339 in·

76 3382 182 3440 mitum
211 3380 327 3438 directe
352 3391 524 3440 convertere
552 3389 706 3455 putamus,
736 3380 841 3459 respsc
868 3395 927 3436 non
948 3380 980 3435 in
1000 3380 1120 3461 prolon-

76 3489 144 3557 gato
174 3479 255 3537 oculi
283 3478 351 3550 axi,
386 3478 447 3536 sad*
465 3477 501 3536 ab
529 3480 647 3537 iuterna
675 3480 737 3554 ejus
759 3474 851 3553 ‘parte
882 3476 972 3534 situm
1002 3473 1120 3538 habere.
1187 3538 1192 3545 ,

79 3577 188 3644 Quodsi
216 3578 400 3636 contrarium
426 3578 578 3650 eveniret,
611 3585 646 3634 ut
672 3577 735 3657 ipse
754 3570 837 3632 aulai
858 3574 922 3633 axis
941 3593 971 3634 v.
993 3592 1020 3634 o.
1041 3572 1123 3633 bulbi

114 3814 144 3882 1)
160 3811 307 3868 Verolii
324 3814 471 3878 arlatensis,
496 3831 522 3884 p.
542 3810 585 3864 16.

113 3885 146 3953 ἲ)
161 3885 307 3949 Bidloc‚
332 3884 366 3936 de
388 3884 464 3937 oculo
487 3891 516 3937 et
538 3883 597 3943 visu
613 3881 746 3937 variorum
762 3882 910 3939 eumalium
926 3884 1124 3938 observationes

164 3955 473 4028 physico-anatamieoc.
508 3954 592 4022 Lugd.
608 3953 702 4005 Bolas.
722 3953 799 4008 1715.
823 3975 849 4040 p.
867 3955 893 4009 3.

116 4023 146 4095 8)
164 4027 262 4091 Ζὶιιιι,
280 4024 421 4095 descriptio
433 4029 547 4079 ousion·
559 4023 626 4079 oculi
638 4023 884 4096 hunuurssottmg.
894 4024 971 4083 1780.
986 4043 1011 4096 p.
1023 4021 1125 4077 140.-

169 4096 404 4222 ξοηὲωιιιῶιιῧιιο
420 4095 583 4167 inaequalem
595 4094 673 4147 lentis
684 4095 761 4149 situm
778 4096 905 4179 Hellen
921 4100 951 4151 in
967 4097 1040 4153 alem·
1051 4097 1126 4168 phys.

197 4207 204 4219 .
250 4185 306 4238 .p.
379 4205 385 4216 .
