2728 4960
274 410 358 490 rotv
463 398 590 470 Hos'r
624 418 686 467 nn
723 402 1120 468 saronites-nro.

269 576 460 642 orbicularis
478 579 680 641 assistentiae
696 572 906 636 mechanicae
920 576 984 637 vali
1008 580 1078 638 iore
1090 570 1305 659 integumenta

269 679 408 733 batanea
427 667 657 749 palpebrarum
677 672 777 750 magis
798 667 900 730 bulbo
920 667 1007 727 oculi
1028 667 1169 741 adverti,
1191 682 1224 730 et
1242 670 1305 732 cilia
1329 736 1335 751 ,

271 780 401 841 temper
421 761 571 820 deorsum
593 758 769 839 pendentia
790 760 1029 836 conjunctivam
1049 758 1161 822 denuo
1181 762 1305 824 laedere

268 860 447 934 incipiant,
468 864 544 931 'quo
571 847 700 910 morbus
726 850 835 928 prior,
860 869 922 930 pro
942 864 1035 929 parte
1053 849 1159 913 solum
1178 854 1304 928 levatus,

267 946 381 1010 denuo
400 941 538 1006 redibat.
1306 939 1309 945 ’

276 1048 292 1067 ··
344 1039 402 1099 His
429 1033 580 1099 oinnibus
609 1030 921 1113 absque‘constante
942 1031 1063 1094 effectu
1081 1036 1224 1108 tentatis,
1244 1034 1307 1116 pal·

265 1128 509 1210 pebrarumque
537 1129 730 1207 tegumentis
758 1124 989 1186 communibus
1020 1132 1310 1207 inpraesentiarum

269 1219 376 1281 adbuc
398 1223 443 1279 ita
467 1221 657 1289 contractis,
695 1230 732 1275 ut
752 1215 866 1276 oculus
894 1232 1042 1278 accurate
1063 1224 1129 1301 tegi
1149 1236 1219 1280 non
1239 1234 1308 1300 pos·

267 1319 329 1384 tet,
350 1327 382 1371 et
403 1310 608 1386 conjunctiva
628 1307 688 1368 snb
708 1324 824 1367 somno
845 1310 932 1367 inter
943 1300 1122 1409 palpebras
1145 1318 1307 1401 conspice·

266 1417 375 1474 retur,
405 1401 504 1461 altera
531 1399 741 1460 iudicationis
767 1403 818 1458 via
839 1398 882 1458 ad
900 1402 1036 1477 scopum
1056 1396 1307 1482 therapeuticnm

267 1491 539 1576 consequendum
557 1489 713 1550 incedere
734 1496 894 1571 oportuit3
919 1505 1000 1569 puta
1026 1491 1192 1553 ciliorum
1202 1498 1306 1555 excisi·

265 1598 386 1660 onem,
426 1605 524 1663 quam
550 1583 609 1643 Dr.
633 1583 781 1667 laeger
814 1582 868 1642 die
896 1586 941 1658 ιι.
970 1586 1088 1645 mensis
1113 1582 1306 1662 Septembris

268 1682 347 1740 anni
376 1678 450 1748 1816
473 1680 613 1754 primum
639 1678 675 1734 in
700 1671 857 1754 palpebra
885 1677 1054 1759 superiore
1074 1675 1163 1735 oculi
1183 1675 1307 1744 sinistri,

266 1785 302 1832 et
320 1773 431 1850 paucis
450 1782 526 1848 post
547 1765 680 1838 diebus,
703 1769 739 1824 in
758 1763 870 1824 dextro
892 1782 933 1825 eo
958 1785 1030 1825 cum
1053 1785 1205 1827 successu
1224 1767 1307 1826 insili

268 1867 355 1934 tuit,
382 1876 419 1924 ut
445 1857 616 1920 subsecuta
640 1852 861 1916 inflammatio
871 1854 1029 1915 levissima
1048 1874 1111 1917 nec
1123 1870 1207 1919 'cura
1228 1856 1308 1917 indi·

267 1967 378 2038 geret,
409 1966 443 2012 et
461 1970 556 2033 aegra
586 1947 646 2010 bac
669 1950 863 2027 operatione
881 1964 954 2007 non
973 1949 1109 2010 multum
1131 1948 1308 2011 deformata

265 2046 333 2124 jam
351 2045 421 2103 iare
441 2063 461 2104 a
481 2041 609 2104 duobus
636 2043 729 2101 annis
757 2041 880 2118 optimo
902 2041 972 2098 visu
992 2040 1145 2121 gaudeat,
1167 2054 1201 2099 et
1212 2037 1307 2099 labo·

264 2151 319 2200 res
335 2156 405 2238 non
422 2137 494 2195 aine
512 2150 638 2193 summa
654 2135 739 2191 ιίιιιι
762 2133 867 2190 acutie
885 2132 1093 2213 peragendos
1111 2126 1224 2237 subire
1236 2147 1306 2262 pos·

262 2231 315 2290 sit.

342 2312 444 2393 Quod
473 2310 525 2373 de
540 2311 604 2371 hac
629 2314 725 2393 aegra
749 2313 884 2393 insuper
910 2333 1006 2395 quam
1035 2319 1173 2378 maxime
1191 2311 1315 2377 troiani

265 2407 346 2469 dum
366 2409 473 2467 venit:
495 2419 543 2465 est
564 2408 708 2465 extensio
731 2420 763 2465 et
781 2400 990 2486 prolongatio
1010 2405 1246 2491 palpebrarum
1260 2424 1308 2465 su

262 2506 433 2585 periorurn
462 2495 502 2557 ab
528 2517 619 2557 anno
646 2517 712 2558 uno
741 2511 775 2556 et
800 2494 939 2559 dimidio
966 2500 1014 2560 ite
1033 2515 1146 2613 aucta,
1156 2506 1204 2560 ut
1223 2494 1306 2562 oculi

262 2598 356 2669 stunc
373 2590 520 2673 perfecte
540 2587 647 2651 claudi
666 2589 798 2669 possint

618 2698 870 2796 Observatio
907 2736 956 2795 II.

338 2862 485 2924 Mollnar
503 2861 663 2943 Georgius
686 2859 859 2970 Hungarus
878 2863 918 2935 54
937 2870 1108 2935 annorum,
1128 2858 1234 2935 miles,
1254 2859 1307 2920 tti-

262 2954 395 3034 pendiis
414 2954 583 3024 coniectis,
605 2955 753 3030 corporis
771 2953 1010 3031 constitutionis
1030 2964 1078 3012 eat
1096 2950 1225 3029 firmae,
1253 2951 1305 3012 tra-

263 3045 420 3123 bitusque
445 3047 533 3115 sani,
564 3062 684 3103 annum
718 3040 881 3101 decimum
912 3058 1061 3122 quartum
1086 3050 1200 3106 aetatis
1228 3063 1305 3106 auae

264 3152 365 3218 agens
385 3131 570 3193 vehementi
589 3122 787 3214 ophthalmia
806 3130 1003 3194 rheumatica
1022 3140 1213 3219 inutroque
1228 3157 1304 3199 ocu-

262 3224 300 3291 lo
323 3228 511 3303 corripitur,
532 3220 613 3285 haec
634 3225 768 3304 quidem
788 3225 1015 3304 praeterlapsis
1035 3226 1161 3290 duabus
1179 3228 1305 3291 hebdo-

200 3384 209 3397 Ι
262 3316 368 3381 madir
388 3319 463 3376 artis
484 3313 602 3375 auxilio
623 3332 753 3388 sanata,
782 3316 842 3378 sed
859 3316 1006 3377 maculae
1026 3337 1169 3381 corneae
1187 3320 1305 3391 exinde

262 3408 415 3477 residuae
435 3426 505 3467 non
523 3409 586 3467 nisi
604 3422 679 3487 post
699 3409 778 3470 duos
797 3429 923 3470 menses
945 3409 1075 3472 deletae
1093 3427 1180 3474 sunt.

334 3501 434 3562 Anno
454 3503 557 3574 n5tio,
588 3514 620 3561 et
638 3503 739 3580 magis
758 3503 831 3577 aito
856 3506 939 3562 vitae
959 3522 1038 3566 snae
1055 3507 1092 3566 iti
1110 3504 1204 3566 Italia
1221 3505 1304 3567 rnili-

261 3606 353 3663 tum,
378 3596 561 3670 praecipue,
581 3604 728 3671 ternpore
757 3593 936 3655 antumnali
956 3607 988 3654 et
1007 3593 1166 3679 hyemali,
1187 3597 1306 3658 eodem

262 3682 381 3748 morbo
403 3679 576 3765 affligitur,
611 3684 815 3760 conjunctiva
842 3686 946 3744 carnis
970 3692 1109 3747 recentis
1137 3687 1179 3747 ad
1205 3693 1306 3750 instar

263 3777 374 3849 rubra,
395 3778 636 3836 concomitante
649 3774 793 3835 'molesta
819 3772 1065 3855 phot'0pbobia,
1093 3777 1251 3860 epiphora
1271 3794 1307 3841 et

264 3867 382 3929 dolore
400 3864 600 3938 lancinante,
619 3869 703 3925 visus
722 3865 828 3926 indies
847 3870 1048 3930 imminuitur
1053 3910 1065 3943 ,
1087 3889 1188 3950 quare
1207 3890 1307 3952 aeger

263 3958 426 4018 Viennam
451 3955 554 4016 redux
575 3976 594 4015 a
620 3955 752 4016 medico
767 3954 1067 4040 legionario'curae
1089 3962 1304 4042 ophthalmia·

262 4052 364 4111 tricae
374 4068 416 4110 eo
430 4063 579 4126 tempore
588 4047 781 4110 Professon‘s
800 4050 838 4111 A.
853 4049 1076 4115 Schmidtii
1095 4055 1228 4116 traditus
1241 4069 1303 4128 est,

268 4142 330 4223 q'ui
347 4137 501 4203 illi-inter
518 4137 602 4202 duos
619 4148 745 4204 menses
763 4143 865 4204 visum
884 4146 922 4209 in
938 4147 1101 4229 integrum
1119 4150 1267 4212 restittit.
