2728 4960
792 326 798 353 Ι

263 387 388 457 Hosr
420 409 488 458 nn
515 407 772 457 rn1cu1ssr
806 412 905 460 aaa.
1031 416 1121 490 ⁸83²·

69 569 195 632 adverse
205 608 217 641 ,
237 579 274 625 ut
290 552 374 643 cilia,
401 565 479 626 licet
496 568 532 626 in
551 570 677 650 origine
700 587 757 627 sus
771 567 928 629 normalis
936 612 947 642 ,
970 554 1011 632 ad
1026 595 1105 635 con-

69 665 240 740 junctivam
256 659 362 732 oculi,
384 664 436 720 cui
454 656 648 721 incumbunt
662 673 696 718 et
710 679 806 738 quam
822 657 940 724 finibus
955 670 1019 727 suis
1033 673 1107 728 irri

68 769 145 829 tant,
170 757 235 812 sint
254 750 386 811 directa.

135 897 206 956 Etsi
224 906 338 954 natura
360 907 392 953 et
406 891 534 954 indoles
550 892 644 972 hujus
663 882 770 958 morbi
789 900 824 957 in
844 916 964 980 genere
988 900 1028 960 ab
1047 924 1108 965 au·

67 988 206 1052 ctoribus
221 986 308 1048 bene
326 1001 496 1064 concepta,
519 999 551 1045 et
565 985 720 1064 explicata
737 993 792 1062 sit;
814 1005 955 1052 attamen
973 993 1014 1054 de
1029 1018 1105 1058 cau·

65 1103 96 1144 aa
115 1085 264 1163 proxima
291 1082 449 1157 eutropii,
478 1092 511 1137 et
532 1075 678 1156 therapio
705 1078 780 1140 huic
806 1085 916 1143 innixa
943 1088 988 1145 ita
1007 1088 1106 1148 vacil-

64 1173 130 1235 lant
150 1188 185 1234 et
203 1179 289 1233 inter
307 1191 342 1230 se
365 1170 577 1241 dissentiunt,
604 1183 639 1228 ut
659 1175 782 1230 nemini
804 1178 920 1232 mirum
942 1196 1011 1255 esse
1029 1201 1105 1256 pos·

66 1271 120 1339 sit,
147 1268 175 1326 si
194 1277 245 1325 tot
265 1266 461 1341 operationis
481 1259 627 1321 methodi
648 1261 690 1321 ad
708 1262 887 1324 tollendam
915 1263 1000 1327 banc
1018 1292 1106 1332 mor-

66 1354 96 1414 bi
120 1355 260 1417 formam
286 1351 501 1426 suadeantur,
537 1373 674 1433 quarum
702 1353 869 1432 quaelibet
901 1357 942 1419 ab
971 1379 1106 1427 auctore

66 1466 121 1506 suo
142 1466 209 1526 qua
229 1450 326 1507 unica
346 1460 379 1504 et
397 1451 552 1505 tutissima
577 1443 792 1524 praedicatur.
830 1445 874 1504 Ut
900 1450 993 1528 plura
1012 1475 1106 1534 prae.

66 1550 241 1609 tereamus,
274 1535 384 1596 lubeat
412 1557 449 1596 ea
476 1536 680 1598 solummodo
707 1540 743 1596 in
769 1552 912 1598 mentem
938 1564 1105 1622 revocare,

68 1649 147 1707 quae
163 1634 354 1707 nuperrime
374 1629 563 1712 Helling,
588 1627 883 1710 Langenbeck,
903 1634 1051 1716 Scorpo
1073 1655 1106 1700 et

71 1720 119 1781 alii
144 1721 185 1780 de
208 1718 270 1780 hac
294 1726 428 1782 materie
452 1721 626 1781 tradidere.
664 1721 732 1780 Nos
758 1741 832 1782 vero
855 1731 1051 1800 experientia
1073 1747 1107 1792 et

69 1812 175 1872 sedula
201 1826 339 1873 naturae
366 1812 548 1874 observatio
556 1852 567 1884 ,
606 1811 684 1871 licet
711 1833 823 1872 eorum
855 1834 1029 1896 praecepta
1063 1823 1107 1886 ad

68 1909 213 1964 amuuim
237 1919 365 1966 secutos
390 1906 478 1965 aliud
500 1903 630 1979 docuit,
666 1918 698 1964 et
723 1904 853 1987 illorum
880 1924 995 1968 asserta
1023 1933 1106 1972 neu·

70 2001 187 2076 tiquam
215 1994 402 2058 confirmata
429 1996 575 2057 vidimus.
634 1996 830 2057 Introversio
856 2005 1009 2081 marginis
1037 2004 1108 2083 pal·

66 2089 235 2167 pebrarurn
267 2109 338 2147 cum
364 2093 427 2147 suis
450 2089 528 2148 ciliis
562 2109 619 2148 seu
642 2094 846 2166 eutropium,
878 2095 944 2152 sive
970 2097 1106 2171 partiale

66 2183 128 2239 sive
146 2180 260 2251 totale,
281 2200 410 2258 semper
427 2183 600 2261 progenies
613 2193 659 2238 est
674 2184 893 2254 potentiarum
913 2193 1105 2249 nocentium

68 2270 130 2347 jam
145 2290 404 2352 praegressarum
412 2313 424 2347 ,
449 2271 500 2332 vel
519 2270 626 2331 adbuc
644 2275 895 2350 persistentium.

137 2425 303 2502 Respectu
320 2443 487 2483 causarum
502 2422 587 2483 duae
609 2420 851 2503 distinguuntur
871 2433 1013 2503 eutropii
1032 2451 1103 2509 spe.

68 2518 143 2585 cies,
177 2534 316 2595 quarum
342 2517 454 2595 prima
477 2519 613 2594 ponitur
639 2514 839 2575 relaxatione
862 2516 1103 2597 palpebrarum,

67 2619 164 2666 textus
188 2605 336 2666 cellulosi
360 2624 392 2667 et
417 2606 634 2668 musculorum
657 2625 836 2685 eorumque
857 2603 1051 2669 fluenditate
1074 2628 1107 2672 et

67 2698 252 2770 oedemate,
275 2697 446 2760 deficiente
465 2702 538 2759 tarsi
557 2698 761 2769 elasticitate,
783 2694 873 2755 unde
892 2694 945 2765 fit,
970 2714 1003 2757 ut
1023 2722 1106 2762 mar·

66 2810 107 2875 go
132 2789 332 2869 palpebralis
357 2812 395 2850 ex
420 2792 564 2851 absentia
593 2789 768 2867 requisitae
793 2788 1046 2851 contractilitatis
1074 2810 1107 2853 et

68 2882 261 2943 elasticitatis
280 2881 430 2960 pondere
446 2901 504 2942 suo
527 2880 678 2940 deorsum
700 2892 733 2940 et
751 2881 926 2954 introrsum
946 2879 1105 2960 deprima-

67 2986 131 3048 tur,
170 2971 245 3032 cilia
270 2970 408 3033 bulbum
430 2972 517 3034 oculi
540 2975 698 3053 attingant
722 2985 754 3030 et
777 2969 1015 3048 conjunctivam
1037 2979 1108 3034 irri-

69 3076 152 3136 tent,
186 3083 254 3141 quo
278 3068 362 3124 actio
387 3063 524 3124 musculi
544 3063 731 3124 orbicularis
753 3078 953 3141 provocatur
976 3080 1008 3124 et
1030 3087 1108 3127 ocu·

66 3154 123 3229 lus,
144 3153 310 3235 palpebris
326 3155 382 3215 tali
395 3160 522 3216 ratione
538 3154 599 3214 sibi
614 3153 852 3233 adproximatis,
873 3162 1008 3238 tegitur:
1030 3155 1107 3218 hinc

66 3247 132 3309 lieri
153 3269 225 3309 non
247 3262 372 3325 potest,
408 3251 488 3325 quin
515 3250 707 3307 introversio
732 3252 884 3329 marginis
909 3239 1106 3331 palpebralis'

69 3340 283 3423 adaugeatur,
312 3353 345 3399 et
367 3343 524 3400 continuo
544 3352 750 3400 sustentetur.

139 3494 173 3551 st
194 3510 308 3571 margo
324 3488 519 3569 palpebralis
532 3488 686 3567 morbose
707 3487 750 3547 ad
765 3487 906 3548 'bulbum
926 3487 1014 3547 oculi
1029 3508 1107 3549 con·

68 3603 153 3645 versa
179 3582 377 3643 abducendo
407 3603 425 3641 a
447 3583 653 3659 conjunctiva
677 3594 861 3652 amovetur,
895 3594 926 3638 et
953 3584 988 3638 in
1010 3584 1107 3640 situm

69 3672 247 3734 normalem
262 3673 438 3756 redigitur,
458 3694 668 3754 nequaquam
685 3670 838 3731 morbose
856 3672 1028 3731 constituta
1046 3690 1107 3730 no·

70 3769 134 3824 stris
157 3763 262 3825 oculis
282 3786 352 3826 sese
368 3764 479 3837 offert;
499 3764 587 3824 idem
603 3764 689 3823 valet
706 3763 866 3835 deterso,
886 3762 964 3821 licet
979 3767 1106 3822 minore

72 3855 256 3917 clasticitate
278 3855 401 3918 donato
424 3874 472 3932 et,
496 3857 586 3937 quod
603 3857 796 3937 plerumque
812 3854 946 3925 accidit,
967 3853 1010 3913 ad
1030 3875 1107 3914 nor,

69 3943 149 4006 inam
171 3952 356 4010 constituto.
396 3951 477 4010 Cilia
495 3971 570 4009 mox
585 3949 718 4008 bulbum
736 3948 823 4008 oculi
837 3948 991 4007 deserunt
1007 3962 1041 4007 et
1055 3970 1107 4009 ex·

70 4052 202 4100 trorsum
223 4038 418 4114 flectuntur,
440 4047 511 4120 ipse
533 4038 668 4110 limbus,
690 4045 716 4098 si
738 4039 870 4098 morbus
892 4057 962 4100 non
982 4044 1108 4102 invete-

69 4147 167 4207 ratus,
190 4147 223 4192 et
240 4132 417 4215 diutissime
432 4131 582 4194 nondum
598 4135 750 4204 excurrit,
770 4132 941 4210 prominet.
