2744 4960
275 367 345 418 roe
510 343 830 413 (insunuans
863 362 1050 415 runt-ct
1082 400 1085 409 Δ

277 517 680 591 scleroticamextendere,
700 517 898 580 scleroticmu
917 538 994 583 vero
1010 520 1145 586 exterius
1160 516 1324 599 aliquan.-

276 628 346 673 tum
365 632 461 691 super
481 631 631 673 corneam
656 609 803 690 produci.
865 609 940 690 Qua
969 610 1010 671 de
1042 629 1136 679 causa
1164 617 1324 689 anterior

278 722 413 769 eorneae
431 701 614 782 superficies
627 701 735 762 multo
754 707 874 778 minor,
907 723 1003 784 quam
1022 704 1182 780 posterior
1202 706 1238 763 in
1256 722 1327 763 va·

276 799 399 856 riorum
419 793 603 854 animalium
622 793 722 853 oculis
744 802 893 856 cernitur.
932 795 1030 870 :Dicit
1048 797 1117 870 ipse
1137 789 1186 857 ΙΙΙ,
1207 791 1326 855 Zinn
1364 798 1365 809 ¹

279 885 321 944 ed
341 880 494 943 ambitum
515 881 652 945 corneae
671 887 757 945 incer
773 886 862 946 illam
883 899 916 946 et
934 882 1134 943 scleroticam
1155 884 1326 959 majorem
1364 900 1365 907 ’

284 973 500 1035 cellulositstis
520 980 645 1053 copiam
670 992 855 1059 congestam
885 996 963 1036 esse.
1012 974 1052 1063 Et
1077 977 1112 1032 in
1136 976 1327 1038 nonnullo-

282 1066 355 1126 rn'm
375 1065 562 1125 animalium
578 1064 688 1136 oculis¹
700 1070 866 1136 evidenter
879 1063 1117 1138 differentiam,
1143 1067 1209 1126 imo
1224 1066 1328 1126 'limi-

281 1172 347 1217 tem
381 1158 544 1238 quendam
576 1146 663 1217 inter
680 1152 683 1158 ’
698 1174 866 1240 utramque
899 1162 1040 1241 tunicam
1073 1155 1220 1218 vidimus.
1280 1158 1327 1221 In
1364 1168 1365 1173 ’

281 1241 509 1331 tq‘u'alo'galeo
537 1249 735 1328 (Milsnder)
758 1246 1027 1320 comoedorum,
1047 1245 1213 1309 sclerotic's
1234 1250 1327 1311 ‘elbi-

283 1325 414 1400 cantem
430 1341 570 1401 colorem
591 1333 727 1401 exhibet.
764 1340 951 1400 summatim
969 1336 1129 1419 piscibus,
1156 1359 1220 1417 qua
1242 1361 1326 1401 cum

283 1451 402 1491 cornea
410 1435 619 1512 committitur
633 1426 941 1521 albugineapmsrgo
957 1432 1095 1490 elevatus
1107 1443 1161 1487 est.
1183 1430 1326 1493 Cornea

281 1520 408 1602 phocae
424 1523 685 1604 groenlandicae,
709 1521 898 1582 observante
912 1522 961 1582 lll.
974 1522 1082 1582 Blum
1093 1520 1168 1580 enh
1178 1542 1196 1580 a
1206 1522 1327 1597 chio,

282 1616 485 1687 tenuissima,
514 1613 708 1696 albugineus
726 1634 803 1674 vero
824 1634 896 1673 cum
919 1632 956 1671 ea
978 1609 1151 1671 cohaerens
1170 1632 1243 1691 pars
1268 1613 1325 1674 hr-

284 1707 423 1766 missima
442 1692 603 1785 invenitur
622 1707 659 1785 ¹).¹
689 1704 726 1764 ln
746 1703 842 1790 oculo
863 1698 983 1780 leporis
1006 1703 1109 1762 timidi
1128 1703 1325 1767 scleroticae

283 1800 463 1879 marginem
483 1795 644 1875 duplicem
666 1796 755 1876 quasi
776 1800 907 1857 existere
920 1794 1116 1874 forcipisque
1135 1799 1236 1857 instar
1248 1819 1325 1859 cor·

285 1900 382 1945 neam
402 1874 569 1947 includere
590 1886 649 1948 cel.
669 1887 819 1947 Cuvier
838 1898 978 1944 testatur.
1005 1884 1058 1943 'In
1076 1886 1181 1946 vitulis
1202 1903 1235 1948 et
1256 1895 1325 1961 sui·

285 1958 349 2034 hus
367 1968 485 2046 cornea
504 1982 538 2036 in
563 1965 711 2045 interiori
734 1990 792 2035 sua
809 1990 918 2054 parte,
959 1995 1023 2054 qua
1051 1996 1123 2035 cum
1148 1974 1324 2041 sclerotica

286 2080 320 2126 et
339 2058 460 2129 annulo
482 2067 581 2148 cilisri
602 2058 763 2138 cohaeret,
785 2063 937 2127 circulum
948 2071 1037 2140 sistit,
1060 2069 1148 2141 cujus
1160 2071 1323 2133 ambitum

285 2148 373 2227 lin'ea
389 2157 547 2237 quaedam
562 2144 664 2242 nigra,
684 2159 723 2220 ab
739 2156 934 2220 adhaerente
950 2158 1070 2221 annulo
1088 2160 1188 2221 ciliari
1204 2168 1323 2238 tincta,

286 2252 461 2320 terminat,
502 2270 566 2328 qua
600 2252 786 2312 scleroticae
818 2250 917 2311 finem
949 2269 1155 2330 corneaeque
1188 2258 1325 2313 initium

289 2355 394 2416 aeque
412 2339 581 2398 manifeste
607 2340 804 2422 distinguere
829 2360 1014 2419 possumus,
1044 2362 1140 2421 quam
1166 2344 1324 2424 inlepo·

287 2430 375 2505 rino.
392 2426 488 2486 oculo
516 2434 720 2510 nigerrimam
748 2431 911 2510 quandem
938 2454 1096 2499 corneam,
1113 2454 1131 2492 a
1151 2433 1325 2503 sclerotics

290 2531 492 2595 separantem
511 2526 731 2602 unusquisque
757 2513 942 2602 conspicere
961 2540 1078 2603 potest.
1107 2523 1253 2584 Similem
1275 2532 1326 2586 ni·

290 2613 458 2691 gerrimam
489 2607 609 2670 lineam
639 2617 675 2673 in
709 2624 822 2692 caprae
850 2629 882 2674 et
913 2615 984 2676 ielis
1011 2616 1111 2678 oculis
1141 2611 1325 2677 observavit

290 2702 412 2774 Zinn,
433 2720 499 2780 quo
518 2705 612 2781 nigro
632 2702 721 2773 sulco
742 2725 881 2767 corneae
901 2709 1060 2788 originem
1071 2707 1214 2780 limitari,
1235 2723 1325 2771 eam·

293 2811 357 2871 que
384 2812 402 2850 a
427 2791 593 2851 sclerotica
624 2800 753 2876 egregie
781 2797 934 2877 distingui
958 2802 1028 2877 ipse
1056 2798 1170 2861 harum
1196 2806 1326 2865 tunicae

287 2882 364 2941 'rum
390 2881 565 2942 identitatis
586 2881 739 2946 defensor
759 2881 926 2966 praecepit
942 2890 996 2966 i).-

758 2995 882 3073 io·¹

371 3182 373 3185 Ι
445 3098 592 3167 Gorneae
610 3119 634 3159 a
654 3100 778 3184 reliquo
799 3102 897 3185 bulbo
914 3105 1177 3189 protrtberantt'a.

356 3208 440 3301 nna
453 3221 683 3303 stridentum
703 3225 875 3308 albugines
898 3230 1062 3312 stolatam
1082 3232 1169 3313 osan
1187 3230 1325 3316 figuram

293 3311 524 3374 circumscribit
548 3322 655 3377 tunica
688 3317 814 3393 nostra,
843 3334 983 3381 attamen
1008 3326 1042 3382 in
1071 3324 1220 3385 omnibus
1253 3326 1323 3387 fere

254 3466 256 3477 s
294 3402 485 3463 animalibus
510 3409 555 3466 its
579 3407 784 3486 protuberat,
815 3427 853 3470 ut
876 3417 972 3473 totius
1000 3414 1087 3475 oculi
1118 3417 1323 3497 superficiem

295 3508 472 3572 exsuperet.
515 3496 722 3578 segmentum
747 3523 864 3584 nempe
877 3505 1000 3565 ⁴format
1017 3511 1150 3573 minoris
1173 3511 1267 3594 globi
1287 3516 1324 3573 in

295 3583 416 3660 majore
434 3584 585 3669 ideoque,
597 3591 719 3673 aliquid
736 3592 816 3673 ultra
827 3592 985 3677 reliquam
1004 3597 1091 3659 oculi
1107 3600 1323 3681 peripheriam
1364 3664 1365 3689 p

298 3675 453 3736 attollitur
470 3679 507 3757 ³).
550 3679 727 3744 Radiorum
749 3689 794 3746 its
818 3688 970 3779 majorem
998 3693 1114 3769 accipit
1143 3698 1272 3773 copiam
1293 3705 1323 3753 et

301 3792 620 3813 —--·-----.-....
658 3774 666 3809 Ι

332 3843 363 3936 ι)
385 3846 467 3947 Vide
485 3873 678 3989 praeceptoris.
694 3888 837 3955 nunquam
862 3878 1052 3937 obliviscendi
1080 3854 1243 3941 Hmdhuch
1275 3884 1321 3939 der
1364 3858 1365 3927 l

316 3936 992 4072 .2)veserantianme‚⁵:⁵⁸⁴-

332 4072 361 4135 s)
667 4030 704 4084 ΠΕ
863 4036 909 4089 ·Ρ
939 4031 995 4090 ¹93·

332 4080 346 4109 v
380 4069 632 4137 Bluutenbsch
650 4079 741 4158 'tnstib
757 4081 884 4155 phytiol·
901 4085 953 4141 Ed·
969 4098 996 4152 3·
1013 4105 1043 4161 P·
1058 4096 1120 4154 2²5·
1136 4087 1162 4157 l
1179 4064 1240 4156 ²57·
