2744 4960
206 360 214 367 ’
283 361 352 448 136
515 346 754 447 θἰιιρηιιιιιιιΡ
776 346 837 427 on
870 356 1052 470 rustica

279 535 428 620 pebras'
418 549 503 598 inter
523 497 555 595 et
573 492 661 619 oculi
686 521 818 641 glabrum
843 528 1017 611 ponebat.
1028 525 1088 585 'st
1105 543 1124 583 a
1148 482 1313 617 palpebris

283 650 434 694 corneam
453 646 601 706 separare
622 626 793 704 contigerit
819 637 851 682 et
878 622 1040 692 maculae,
1062 634 1155 711 quae
1182 622 1216 676 in
1246 610 1313 695 elus

280 721 454 805 superficie
474 715 668 807 relinquitur
686 714 847 781 medelam
867 710 1022 833 adhibere
1040 727 1173 778 necessa
1193 712 1267 772 erit.

737 900 768 975 §-
805 906 855 967 55.

568 1007 779 1096 dyrrachia
816 1005 1022 1068 anterior,
1100 1080 1105 1087 ¹

293 1176 296 1185 ‚
356 1141 412 1201 Uti
431 1138 504 1197 cum
527 1136 691 1217 palpebris
713 1153 852 1194 corneae
873 1133 1016 1191 anterior
1034 1121 1237 1206 superficies}
1271 1131 1314 1189 aie

280 1234 395 1292 vitiose
421 1234 582 1309 posterior
602 1226 669 1302 ejus
691 1223 788 1283 facies
812 1243 884 1282 cum
909 1221 991 1281 iride
1012 1224 1229 1282 concrescere
1244 1234 1313 1298 pot·

262 1394 264 1401 y
283 1336 356 1384 est.‘
378 1321 503 1381 Malum
521 1317 580 1378 sub
599 1315 773 1396 synechiae
790 1314 965 1374 anterioris
984 1314 1117 1372 nomine
1134 1315 1248 1371 venire
1266 1329 1313 1373 so·

281 1412 355 1474 let.
376 1405 451 1489 Ejus
472 1424 617 1470 naturam
635 1408 699 1484 jam
719 1426 815 1485 supra
836 1403 1057 1488 tetigimus(§.
1030 1401 1143 1479 49)
1193 1400 1313 1461 Humo-

283 1508 327 1564 ris
355 1506 451 1583 aquei
472 1496 662 1561 effusionem
685 1500 715 1557 ei
737 1496 933 1576 praecedere
959 1514 1087 1573 semper
1106 1510 1242 1551 necesse
1261 1505 1313 1553 est.

191 1658 197 1666 ,
276 1591 450 1674 ¹Quamdiu
475 1588 627 1673 synechia
652 1587 786 1667 simplex
812 1602 860 1648 est
885 1596 919 1647 et
943 1586 1031 1658 sola,
1065 1602 1128 1643 nec
1153 1603 1238 1642 cum
1250 1582 1311 1644 aliis

286 1703 424 1745 corneae
453 1681 610 1769 morbosis
638 1673 864 1741 affectionibus
886 1679 1075 1755 conjuncta,
1107 1674 1198 1734 iridis
1224 1674 1314 1740 facile

287 1794 360 1837 cum
380 1764 500 1834 cornea
519 1771 674 1834 anomalis
695 1769 874 1835 cohaesio
866 1788 936 1855 apsa
957 1776 1076 1831 cornea
1095 1778 1311 1844 transparenta

287 1869 466 1950 detegitur„
496 1906 499 1911 >

765 2064 773 2080 .
830 2021 860 2082 ti.

554 2024 860 2242 'Unguifsdu
900 2130 1063 2221 φημι.

363 2259 410 2318 Ex
427 2239 710 2339 inflammatione
700 2274 735 2313 m
754 2258 1019 2332 suppurationem
1039 2267 1235 2331 transgressa
1252 2268 1312 2311 non

287 2344 387 2415 modo
404 2325 594 2406 abscessus
585 2365 620 2403 ιιι
635 2363 773 2405 corneae
791 2350 921 2404 esterna
940 2340 1109 2431 superficie
1128 2343 1312 2414 formantur,

289 2438 348 2511 sed
368 2452 400 2497 et
417 2456 478 2516 pus
498 2438 532 2494 in
549 2438 723 2495 internam
718 2433 823 2510 hujus
846 2436 974 2494 tunicae
995 2423 1207 2494 substantiam
1225 2451 1315 2511 pana·

266 2522 393 2605 fuam,
428 2530 513 2584 inter
538 2527 620 2602 ipsas
648 2524 714 2600 ejus
724 2518 887 2584 lamellas
914 2541 1064 2607 stagnans
1085 2538 1122 2582 et
1135 2525 1314 2599 praesertim

287 2624 324 2680 in
350 2605 505 2678 inferiore
533 2613 599 2689 etus
628 2620 774 2693 regione
795 2636 828 2676 se
856 2616 1011 2698 colligens
1037 2612 1208 2676 morbum
1217 2611 1313 2686 efficit,

292 2714 349 2788 qui
371 2707 426 2769 ob
441 2704 585 2766 colorem
611 2703 750 2766 hominis
770 2708 934 2791 unguibus
962 2704 1050 2766 haud
1070 2705 1254 2767 absimilem
1265 2727 1314 2766 ua·

288 2799 362 2878 guis
386 2816 523 2875 sortyx
549 2798 739 2877 appellatur.
797 2799 896 2859 Hunc
921 2816 997 2857 vero
1008 2792 1178 2856 morbum
1204 2806 1315 2858 vat'erea

290 2906 366 2948 mox
380 2892 453 2947 cum
472 2893 618 2977 pterygia
632 2909 707 2948 mox
722 2907 794 2947 curu
813 2886 955 2971 hypopio
973 2887 1236 2961 confundebant*
1246 2905 1316 2949 mor-

275 2979 407 3056 -bisque
428 2982 513 3035 inter
534 2996 568 3035 se
590 2977 806 3038 diversissimis
827 3000 925 3039 unam
950 2978 1164 3059 imponebant
1184 2981 1316 3041 denomi-

264 3139 266 3143 .
290 3075 469 3133 nationem
507 3066 757 3149 Coniunguntur
782 3072 1040 3152 frequentissime
1065 3091 1137 3129 cum
1155 3069 1224 3133 hoc
1241 3091 1316 3132 mor·
1351 3090 1354 3101 ⁴

204 3190 209 3193 ,
291 3158 336 3219 bo
356 3152 610 3219 ‘inflammatoria
636 3163 859 3238 conjunctivae
885 3174 1098 3245 symptomata
1122 3161 1314 3257 molestaque

291 3246 422 3311 luminis
443 3255 589 3311 sensatio.
631 3253 734 3313 Causa
754 3244 857 3332 hujus
868 3254 957 3313 mali
970 3258 1113 3334 proxima
1133 3251 1182 3311 ea't
1203 3248 1315 3311 inflam-

292 3343 392 3400 matio
413 3359 482 3401 non
499 3341 660 3417 discussa,
688 3342 747 3402 sed
773 3347 808 3403 in
837 3347 1102 3435 suppurationem
1122 3356 1316 3425 transgressa

294 3424 423 3492 Causae
440 3424 669 3495 antecedentes
690 3453 803 3495 omnes
822 3449 914 3508 tunt,
941 3453 1026 3514 quae
1044 3430 1317 3499 inflammationem

296 3526 431 3582 excitare
449 3530 608 3601 possunt,
637 3541 673 3585 ut
695 3513 831 3599 stimuli,
863 3522 1006 3585 irritatio
1026 3523 1123 3584 oculi
1139 3524 1317 3584 mechanica

273 3609 352 3705 eeu
380 3613 546 3688 chemica,
577 3622 792 3677 contusiones
810 3615 920 3687 bulbi,
959 3612 1177 3693 ophthalmiae
1206 3629 1318 3697 graveas

294 3692 509 3785 phlyctaenae
530 3720 589 3765 etc
627 3708 656 3766 A
668 3706 819 3786 simplice
838 3705 994 3787 pustula
985 3725 1021 3767 ιιι
1039 3726 1179 3768 corneae
1187 3719 1317 3766 externe

297 3791 466 3893 superficie
483 3798 598 3857 exinde
614 3798 819 3879 distinguitur
834 3816 936 3880 onyx,
955 3799 1117 3878 siquidem
1132 3795 1260 3876 pustula
1275 3810 1319 3851 tu·

299 3904 359 3962 per
378 3892 517 3949 corneae
529 3894 700 3985 externam
706 3886 921 3966 superficiem
941 3893 1098 3964 emineat,
1120 3908 1194 3948 cum
1213 3907 1231 3946 e
1252 3899 1318 3944 con·

302 3981 400 4036 trario
420 3984 455 4038 in
473 3999 583 4061 ungue
599 3985 737 4042 exterior
751 3997 889 4041 corneae
903 3979 1031 4045 lumeni
1048 3979 1226 4042 nauiculam
1241 3989 1319 4036 suam

303 4074 535 4134 convexitatem
561 4076 693 4137 minime
712 4068 870 4148 excedens
894 4070 992 4137 laevis
1017 4091 1146 4155 semper
1170 4082 1204 4130 et
1226 4061 1318 4146 polita
