2762 4960
300 405 345 469 qo
374 342 382 357 Ι
503 380 726 444 bannens
749 391 811 439 nr
835 387 1116 461 srsrntutrp

301 555 439 629 animale
463 549 639 635 habeatur,
673 546 821 625 quodsi
844 548 890 607 ita
916 557 1014 617 esset,
1045 540 1337 623 nutritionis‘ejds

302 654 414 731 utique
439 642 541 706 facilis
572 653 655 701 esset
682 628 921 715 interpretatio,
956 634 1134 697 dummodo
1165 632 1231 696 hoc
1247 656 1338 696 um,

303 741 376 804 idea
393 734 560 817 singularis
580 730 750 811 organismi
768 740 824 786 aut
843 732 972 792 entoroi
991 725 1298 807 posset'conciliuri.

544 1168 763 1232 'sucr1o
804 1118 1081 1232 'sucunua

324 1303 595 1414 Physiologia
620 1278 857 1413 syntomatis
884 1299 1009 1425 lentis
1028 1295 1320 1406 crystallinae.
1360 1356 1361 1423 q

720 1630 933 1711 cisun-14*

390 1740 467 1834 'De'
496 1773 665 1829 notura
700 1751 1244 1861 membranoruntie'ntt's,

364 2102 536 2163 Neminem
554 2114 631 2157 sane
651 2097 708 2174 qui
722 2102 918 2174 ‘organorum
932 2111 1083 2154 sensuum
1096 2094 1339 2180 physiologiam

310 2192 408 2252 habet
429 2194 607 2273 cognitam,
642 2183 785 2266 effugere
810 2190 933 2263 potuit,
971 2204 1076 2266 quatur
1093 2203 1206 2263 partun
1229 2186 1339 2248 adbuc

310 2280 489 2342 excolendo
500 2278 596 2339 lentis
610 2280 771 2359 systemati
789 2296 909 2357 operae
930 2274 1166 2336 attribueretur.
1203 2275 1340 2360 Quippe

241 2378 244 2382 '
310 2387 378 2433 totu
401 2369 481 2433 haec
501 2368 647 2430 doctrina
666 2370 833 2426 maximam
853 2379 977 2446 partem
1002 2371 1037 2427 in
1059 2365 1215 2443 illustrata
1239 2367 1339 2433 lentis

310 2462 480 2521 iunctione
494 2459 574 2521 lucis
587 2458 693 2520 radios
707 2456 906 2550 infringendi
920 2460 1118 2518 continetur:
1135 2454 1340 2538 quodquam

309 2571 425 2631 parum
447 2571 516 2611 rem
541 2554 644 2631 ipsam
663 2544 823 2636 absolvat,
848 2551 934 2607 inter
952 2567 1064 2608 omnes
1089 2561 1221 2609 constat.
1259 2549 1338 2629 Quo

309 2646 410 2724 magis
431 2654 537 2702 autem
563 2637 624 2709 hac
642 2641 678 2703 in
695 2655 731 2696 re
750 2636 922 2698 desiderati
940 2651 1014 2697 sunt
1031 2640 1267 2712 antecessores,
1296 2660 1340 2703 eo

309 2729 521 2795 verecundius
540 2727 618 2789 milui
636 2726 895 2811 rogandum-est,
916 2742 953 2786 ut
968 2728 1040 2806 plus
1055 2731 1266 2790 excusationis
1281 2729 1340 2790 de·

310 2838 362 2883 tur
381 2819 559 2882 rationibus
580 2841 599 2879 u
616 2839 668 2879 me
686 2821 851 2900 expositis,
871 2837 949 2897 quas
971 2838 1009 2877 ex
1026 2812 1139 2898 parva,
1160 2838 1258 2898 quam
1279 2820 1340 2881 ob.

309 2914 503 2971 servationes
525 2930 563 2969 ea
580 2914 616 2968 iu
634 2929 670 2968 re
688 2906 912 2987 suppeditant,
931 2907 1010 2969 mihi
1028 2909 1212 2971 effinxerem
1230 2916 1338 2992 copia.

309 3001 413 3081 Hujus
446 3013 552 3059 autern
585 2998 814 3078 disquisitionis
846 2997 1012 3059 exordium
1045 3003 1162 3061 iterum
1193 3023 1214 3063 a
1239 3001 1358 3067 lentie

312 3089 510 3172 crystallinae
528 3089 669 3172 partibus
688 3093 870 3152 accessoriis
888 3109 1014 3150 sumere
1037 3090 1155 3170 placet.

762 3243 791 3319 §-
829 3247 877 3311 50.

383 3345 660 3412 Praebuit-eutem
672 3348 742 3427 jam
765 3347 936 3428 descriptio
953 3348 1216 3413 conformationis
1236 3364 1337 3435 syste·

310 3445 402 3501 matis
432 3441 527 3521 lentis
555 3459 652 3518 supro
680 3458 777 3503 ame
809 3442 933 3520 posite,
973 3445 1140 3523 augurium
1169 3441 1338 3523 quoddam

310 3535 467 3597 momenti
485 3533 655 3613 gravissimi
662 3556 681 3603 ,·
706 3528 796 3611 quod
814 3533 944 3610 utrique
956 3531 1016 3592 illi
1033 3538 1117 3612 parti
1140 3531 1222 3593 lenti
1246 3532 1339 3611 adie-

310 3636 394 3697 ctae,
416 3612 726 3701 cepsulee'uidelicet
741 3635 778 3696 et
789 3620 926 3683 cunulae
942 3621 1043 3691 ciliani
1054 3644 1115 3703 per
1126 3642 1256 3701 omnprn
1275 3621 1339 3685 ltu·

305 3713 355 3791 jus
373 3717 488 3794 organi
506 3715 731 3773 oeconomiam
749 3715 855 3773 inesse
874 3709 1002 3773 debeat.
1039 3712 1122 3775 Mihi
1140 3714 1238 3797 igitur
1255 3729 1340 3776 ante

305 3807 416 3863 omnia
442 3817 589 3864 accurata
616 3802 658 3863 de
685 3823 795 3863 esrum
822 3815 937 3863 natura
962 3807 1129 3887 inquisitio
1153 3809 1335 3871 necessaria

305 3892 459 3971 videtur.·
480 3890 625 3972 Quarum
643 3896 828 3974 partiumsi
846 3907 926 3954 tum·
934 3914 1141 3978 compagem,
1164 3911 1243 3956 tum·
1254 3914 1336 3958 con·

307 3986 434 4045 cinnum
449 3989 662 4063 positionem,
681 3988 881 4066 perspicuam
902 3984 1045 4067 denique
1061 3985 1101 4047 ub
1121 3987 1190 4049 aliis
1203 3992 1335 4071 organis

304 4078 540 4155 separationem
563 4077 616 4139 vel
641 4082 677 4145 in
702 4078 887 4142 universum
917 4081 1145 4161 inquisiverit,¹
1166 4082 1240 4144 satis
1264 4080 1333 4158 jam
