2728 4960
265 380 333 446 166
423 376 607 451 Jancnn
641 399 699 444 nn
732 364 1129 445 nuaa'rourxtnn.

1227 282 1234 296 ’
1329 170 1332 365 l

258 556 422 626 incensus,
444 557 571 623 tumuit,
592 571 723 611 mucum
742 552 858 640 majori
878 557 1057 630 quantitate
1076 552 1217 618 reddens.
1236 559 1279 620 5ta
1332 604 1333 611 ,

263 643 303 704 ab
324 649 515 723 operatione
536 644 589 704 dia
609 643 750 724 religatis
770 642 872 722 oculis
884 644 1066 725 prolapsam
1081 643 1190 703 iridem
1206 656 1282 703 utro·

263 755 329 815 que
356 740 391 793 in
417 736 515 797 oculo
544 741 781 814 conspeximus,
815 731 1070 797 inflammatione
1095 733 1283 794 decrescente
1333 812 1334 815 Ἴ

263 846 335 885 cum
355 826 488 889 vulnere
509 827 792 909 conglutinatam

338 920 443 978 Status
473 918 644 980 oculorum
662 935 817 999 «quatuor
845 915 1010 980 mensibus
1034 930 1122 995 post:
1162 915 1283 977 &scura

264 1009 367 1071 dextri
387 1011 532 1090 capsula,
561 1025 598 1070 ut
615 1016 704 1090 priua
725 1027 814 1075 retro
834 1009 1010 1091 pupillam,
1046 1025 1180 1088 expansa
1196 1011 1283 1067 visun
1334 1052 1335 1055 η

263 1102 411 1201 impedit.

338 1195 378 1254 In
397 1198 524 1255 sinistro
546 1209 677 1271 praeter
693 1196 827 1270 iridem,
848 1214 922 1274 para
943 1195 1040 1252 etiam
1061 1188 1205 1268 capsulae
1221 1205 1285 1267 pro·
1335 1222 1336 1229 κ

263 1297 384 1343 tractae
405 1305 545 1345 corneae
564 1285 691 1349 vulneri
705 1288 866 1347 ,adcrevit
898 1287 981 1345 Cum
1000 1301 1078 1343 vero
1098 1279 1223 1359 capsula
1236 1296 1285 1358 per

264 1395 382 1453 corpus
401 1380 537 1436 vitreum
556 1383 724 1437 maximam
745 1392 871 1456 partem
889 1376 965 1438 loco
992 1389 1081 1436 trusa
1105 1373 1186 1435 latus
1203 1389 1286 1433 occu·

262 1481 332 1546 pet,
352 1467 479 1547 pupilla
497 1466 612 1543 libera,
635 1473 720 1530 visus
739 1472 915 1529 restitutus.

592 1695 843 1779 observatio
882 1694 985 1756 XIII.

295 1794 299 1801 ⁵
338 1789 484 1888 Schmidt
501 1828 697 1904 Elisabetha‚
718 1830 830 1910 puella
855 1850 874 1910 7
902 1848 1085 1902 annorum,
1113 1828 1288 1904 optimate·
1338 1848 1339 1859 κ

265 1916 352 1986 lans.
371 1933 529 1982 cataracta
547 1919 650 1985 lluida
669 1937 810 2003 utroque
838 1920 936 1982 oculo
967 1934 1074 1999 capte.
1118 1938 1166 1979 ao.
1188 1912 1290 1995 Aprilis

267 2019 341 2080 1812
362 2009 595 2092 keratonyxide
615 2016 763 2074 instituta
782 2034 857 2074 acus
888 2013 1054 2092 capsulam
1081 2016 1132 2075 vix
1158 2021 1290 2089 penetra·
1339 2002 1340 2063 l

267 2117 368 2174 verat,
391 2123 463 2163 cum
477 2104 541 2179 jam
554 2102 656 2164 fluida
669 2105 739 2167 lena
752 2123 969 2185 prorumpens
983 2103 1155 2165 humorem
1169 2115 1291 2182 aqueum

264 2191 420 2258 turbaret.
466 2193 509 2253 Ut
541 2210 649 2256 tamen
676 2196 807 2275 capsula
834 2200 896 2256 rite
925 2194 1180 2274 discerperetur,
1210 2193 1290 2259 acies
1322 2234 1341 2275 .t

211 2329 220 2343 .
266 2297 424 2362 quantum
447 2290 482 2343 in
502 2284 637 2346 turbidis
659 2288 706 2346 las
727 2303 805 2359 erat,
828 2306 960 2347 omnem
980 2290 1016 2346 in
1028 2299 1156 2365 partem
1166 2279 1293 2362 pruden-

266 2385 318 2432 ter
337 2373 527 2434 ducebatur.
565 2377 657 2437 Circa
677 2395 826 2455 vesperas
848 2378 979 2461 eclysis,
1009 2378 1223 2448 vomituritio,
1248 2388 1294 2430 vo·

266 2467 378 2538 unitus,
398 2469 503 2543 parvis
517 2479 625 2528 tamen
648 2488 752 2547 aquae
773 2468 934 2541 melissae,
953 2468 1089 2547 liquore
1110 2465 1254 2548 anodyna
1270 2471 1296 2520 et

266 2552 410 2615 laudano
421 2556 549 2634 liquido
559 2557 755 2641 Sydenhami
769 2564 919 2621 remistae
933 2558 1084 2634 dosibus,
1093 2581 1168 2621 mox
1180 2571 1296 2633 compo·

266 2638 354 2704 situs.
395 2645 584 2709 Procedente
604 2646 872 2723 inflammatione,
893 2649 1014 2713 humor
1034 2673 1157 2734 aqueus
1178 2662 1295 2730 quoque

267 2732 405 2796 decolor
429 2729 567 2799 redibat.
622 2740 665 2799 At
690 2761 768 2800 vero
797 2740 948 2819 capsulae
982 2741 1206 2827 adiaphanae,
1244 2753 1296 2798 nec

267 2831 408 2888 essentia
433 2846 592 2904 mutatae,
632 2851 696 2893 nec
719 2832 796 2893 loco
825 2848 934 2894 motae
965 2837 1024 2911 410
1054 2833 1176 2897 abinde
1199 2843 1295 2894 meust

267 2918 411 2978 eundem
430 2935 548 2981 statum
566 2921 779 2984 sustinebant.

520 3183 524 3191 ·
607 3148 855 3223 Observatio
892 3149 993 3214 XIV.

343 3278 418 3345 Hal
436 3286 606 3350 Francisco
634 3289 834 3351 adolescenti
863 3299 899 3361 15
919 3312 1084 3353 annorum
1104 3294 1229 3368 valido,
1258 3307 1300 3351 ca·

269 3387 391 3437 tarecta
408 3378 494 3438 oculi
514 3383 642 3454 sinistri,
662 3380 857 3456 lenticulari,
877 3383 980 3459 molli,
1003 3389 1058 3446 cui
1080 3386 1226 3449 centralis
1238 3397 1300 3459 cap·

269 3465 361 3528 sulae
381 3467 566 3533 obscuratio
589 3472 776 3551 complicata
799 3486 866 3546 est,
885 3474 1070 3553 laboranti,
1095 3500 1123 3541 1.
1143 3477 1223 3550 Maii
1240 3478 1303 3543 18¹2

272 3558 403 3634 capsula
425 3581 495 3645 une·
513 3585 585 3625 cum
603 3564 693 3625 lente
715 3585 775 3631 acu
795 3569 927 3646 ancipiti
950 3587 1085 3630 omnem
1112 3575 1150 3633 in
1173 3579 1300 3643 sensum,

270 3666 368 3742 quam
393 3648 462 3713 fieri
487 3671 635 3735 poterat,
663 3655 907 3740 diligentissime
937 3657 1101 3734 dissecta,
1134 3657 1303 3737 emttmlss

268 3740 452 3811 meditullio
472 3745 617 3825 pupillae
636 3745 833 3825 pellucidam
859 3768 919 3827 per
944 3749 1118 3832 plagulam
1149 3744 1303 3829 cetnplura

266 3827 356 3891 illico
378 3832 577 3917 distinguere
598 3836 726 3913 objecta
747 3858 934 3901 concessum
954 3842 1026 3904 luit.
1055 3844 1109 3906 Ab
1123 3841 1304 3927 operatione

266 3916 443 3982 levissimus
463 3922 555 3986 bulbi
574 3926 686 4000 rubor,
706 3928 766 3988 sed
784 3929 930 4008 pupillae
950 3932 1142 3996 obscuratio
1160 3929 1310 4013 plenaria,

267 4006 391 4087 Elapsis
411 4021 431 4090 4
452 4012 663 4079 hebdomadis
675 4025 888 4100 resorptionis
898 4028 1003 4093 initia,
1017 4025 1217 4108 duabusque
1229 4030 1306 4103 posi·

267 4096 392 4164 liminIo
411 4101 545 4185 effluxis,
565 4110 692 4191 pupilla
713 4111 809 4193 clara,
830 4117 914 4178 visus
935 4114 1052 4181 bonus.
1082 4119 1119 4181 st
1139 4134 1217 4183 vere
1236 4110 1305 4173 haec
