2746 4964
278 339 321 405 24
545 342 782 403 :Tousrost
810 358 856 401 eu
875 354 1029 405 rsnsms

280 516 338 576 pse
357 499 579 572 esiudmocaus
606 498 777 580 sosgmmdo
797 499 958 577 tunginum
978 499 1028 555 sili
1048 494 1140 555 statui
1157 492 1292 553 reissstiso

279 596 397 661 tivene
417 596 603 674 respondem,
623 595 896 675 perturbationem,
914 593 1049 659 adlilrltis
1071 589 1192 664 duobus,
1204 609 1293 649 moes·

227 767 230 773 ’
280 695 358 753 ssslo
377 703 512 754 msam
530 712 604 755 esse.
652 750 655 755 ⁴

567 832 572 841 ·
650 812 852 904 ''s-17.

366 934 426 1029 Sed
454 959 491 997 ex
511 943 575 1017 ipsa
597 935 774 1001 Straclsii
801 906 1005 999 observatione
1032 948 1062 997 et
1082 910 1295 1013 illudsequitos,
1333 942 1335 961 “

170 1050 173 1059 ⁴
281 1039 399 1096 evenire
425 1039 599 1116 aliquando,
633 1050 668 1098 ut
698 1050 759 1097 toto
781 1038 898 1099 videndi
919 1056 1039 1097 munere
1059 1055 1136 1093 unus
1157 1043 1206 1090 eut
1224 1032 1296 1103 solus,

174 1182 177 1191 .
281 1145 333 1192 aut
353 1126 425 1213 prae
444 1139 538 1194 altero
559 1128 664 1195 saltem
686 1139 787 1195 oculus
809 1134 959 1215 fungatur.
994 1130 1087 1192 Secus
1105 1134 1181 1191 enim
1196 1129 1297 1187 arduum

244 1288 247 1305 ,
280 1230 359 1291 foret
379 1235 535 1311 explicatu,
558 1235 700 1315 quomodo
721 1236 811 1293 nimio
833 1236 984 1291 oculorum
1003 1251 1069 1307 usu,
1092 1229 1239 1310 singularis
1254 1229 1297 1284 ists

280 1322 525 1410 interutrosque
547 1334 705 1391 invaluerit
727 1328 931 1392 disharmonia.
981 1324 1030 1387 Sic
1064 1338 1094 1386 et
1111 1326 1247 1387 ‘Helles
1269 1322 1296 1381 ol

281 1430 398 1487 nimiam
412 1422 539 1488 ’sinistri'
553 1430 774 1491 sensibilitatem
792 1438 825 1488 'so
841 1429 879 1487 ad
896 1427 1052 1511 legendum
1072 1428 1175 1485 dextro
1192 1427 1298 1502 plerum·

282 1545 339 1605 que
369 1528 413 1584 uti
440 1516 590 1586 asseverat
612 1525 661 1605 1);
698 1526 889 1587 Gasseudi
914 1536 1034 1600 contra,
1076 1520 1192 1584 sinistro
1217 1525 1297 1580 clauso

284 1617 368 1702 typos
390 1622 447 1682 sibi
467 1627 594 1684 minores
617 1628 760 1705 simulque
780 1628 919 1683 clariores
941 1643 1104 1702 apparere,
1131 1624 1226 1680 clauso
1243 1617 1298 1676 dex·

283 1731 329 1780 tro
358 1731 456 1780 autem
483 1727 607 1801 majores
635 1733 665 1782 et
694 1720 893 1797 obscuriores,
929 1721 1007 1801 quod
1037 1723 1064 1779 si
1096 1739 1167 1780 seso
1197 1729 1298 1793 utroque
1335 1766 1336 1769 ,

282 1828 384 1895 aperto
405 1822 503 1901 legat,
525 1820 644 1880 eosdem
664 1821 763 1880 offerri
784 1840 819 1879 ao
841 1823 897 1880 soli
917 1806 1054 1893 sinistre,
1071 1849 1117 1861 —
1137 1817 1211 1875 unde
1228 1816 1298 1874 visio·

282 1936 350 1975 nem
370 1904 402 1975 in
423 1920 592 1977 uuiversum
613 1938 671 2003 uno
693 1929 809 1979 tentum
837 1919 922 1977 oculo
943 1916 1008 2005 fieri
1036 1917 1137 1999 inique
1158 1909 1298 1994 colligit²l

284 2012 326 2073 Et
345 2018 400 2092 ipsi
422 2016 492 2075 mihi
513 2016 615 2076 similis
636 2037 721 2079 cesus
744 2020 823 2075 circa
844 2019 961 2074 oculum
981 2013 1151 2072 morbosum
1166 2010 1299 2071 obseruau-

195 2139 198 2145 *
262 2112 457 2173 desueuit:
479 2112 1299 2189 FrancisoaNeumann,puella,undecimonms

284 2221 371 2285 pata,
402 2210 478 2269 febri
506 2211 674 2271 morbillosa
704 2194 852 2290 correpta*
865 2213 938 2284 suit,
972 2229 1046 2289 quae
1064 2211 1105 2269 ad
1125 2209 1211 2268 finem
1228 2221 1299 2281 usqae

258 2364 260 2371 ,
284 2326 455 2385 prosperum
477 2328 594 2369 cursum
614 2310 744 2383 tenebat,
767 2309 850 2368 siah
873 2329 907 2367 eo
927 2307 1071 2382 discedas,
1097 2309 1174 2385 quod
1190 2304 1298 2364 absoluto

287 2405 350 2463 iere
365 2416 499 2485 supremo
513 2407 628 2493 stadio,
648 2404 827 2485 ophthalmia
838 2427 889 2484 per
902 2386 1076 2466 metastasin
1089 2405 1221 2478 suborta,
1239 2411 1299 2480 post·

286 2521 372 2583 quam
389 2505 495 2584 viginti
513 2522 657 2586 unamque
675 2508 752 2564 diem
770 2506 936 2580 duraverat,
957 2507 1110 2564 sinistrum
1128 2503 1236 2583 quidem
1247 2515 1300 2556 ocu·

283 2602 346 2660 lum
367 2620 471 2662 sanum
491 2594 618 2677 dimisit,
649 2605 785 2665 dextrum
805 2613 903 2665 autem
925 2602 1081 2662 admodum
1104 2602 1192 2660 densa
1211 2595 1300 2658 mech
1335 2630 1337 2639 ‹

254 2730 256 2735 ⁴
284 2703 328 2759 ite
354 2700 485 2775 obtexit,
518 2713 552 2760 ut
579 2721 672 2761 sonae
701 2701 891 2762 horisontalis
916 2702 1011 2761 instar
1035 2701 1163 2760 mediam
1190 2709 1301 2755 corneam

285 2802 442 2873 transiret,
475 2802 619 2878 segmenti
645 2801 798 2860 inferioris,
817 2786 1033 2879 superiorisque
1053 2800 1157 2856 iilsesa
1176 2789 1301 2875 pellucidi-

286 2906 357 2957 tate.
401 2898 464 2965 Quo
485 2898 596 2955 fectum
617 2908 673 2972 est,
696 2888 730 2956 ut
741 2901 870 2957 sinistro
891 2901 1005 2972 clauso,
1029 2905 1153 2977 aegrota
1172 2895 1230 2953 solo
1248 2890 1301 2946 dex·

286 3003 334 3070 tro
362 2994 491 3070 duplices
521 2994 647 3073 undique
675 2998 787 3074 species
815 2990 959 3058 cerneret.
1013 2992 1206 3052 Nihilominus
1234 2987 1302 3063 vulgv

288 3092 432 3167 simplices
454 3110 518 3150 sese
539 3110 586 3150 res
609 3093 796 3166 obtulerunt,
829 3114 896 3152 nam
919 3093 1062 3172 diplopia,
1097 3089 1302 3171 quamprimum

289 3189 439 3247 sinistrum
460 3191 576 3247 oculum
597 3192 700 3249 lumini
721 3172 864 3269 aperiret,
888 3192 1041 3251 confestim
1063 3180 1190 3250 evanuit
1230 3185 1302 3253 9⁰⁸³

240 3306 246 3321 ι
289 3287 402 3379 scilicet
421 3289 613 3346 mutationem
633 3290 676 3346 ita
698 3310 762 3348 esse
789 3290 1007 3377 intelligendam
1033 3306 1156 3360 censeo,
1190 3294 1221 3342 ut
1239 3279 1303 3338 oculo

290 3403 361 3463 sano
384 3386 470 3447 simul
491 3384 631 3459 adhibito,
653 3405 745 3462 mens,
767 3408 785 3446 a
806 3389 914 3465 duplici
933 3390 1099 3447 sensatione
1119 3374 1303 3462 quodammodo

289 3495 445 3573 revocata,
468 3484 507 3542 ad
528 3502 580 3558 es,
603 3504 676 3564 quae
698 3506 770 3546 seno
791 3484 1045 3565 percipiebantur,
1068 3488 1283 3545 converteretur·

754 3640 783 3715 d.
812 3638 862 3702 18.

297 3744 301 3755 ’
377 3744 436 3807 Sed
456 3759 486 3808 et
504 3752 634 3827 utrisque
652 3753 744 3809 oculis
760 3753 859 3824 sanis,
881 3768 958 3809 nuno
976 3754 1133 3824 alterutro,
1155 3750 1229 3807 nunc‘
1240 3741 1305 3799 tine

292 3862 357 3905 rum
373 3850 477 3924 juncto
505 3851 567 3906 acie
597 3851 749 3910 cominius.
794 3849 879 3919 Quod
905 3848 1021 3928 quidem
1050 3851 1144 3928 primo
1170 3848 1306 3922 aspecta·

290 3971 592 3991 m

329 4045 359 4111 1)
378 4046 407 4098 L.
426 4064 448 4097 c.
472 4063 498 4115 p.
516 4046 576 4101 492

327 4115 360 4183 2)
379 4116 552 4179 Gessendi
570 4120 671 4193 physic.
697 4121 768 4183 Soet.
785 4121 833 4177 lll-
858 4139 919 4193 cop.
936 4121 994 4175 Vll.
