2666 4946
333 389 773 440 nsusnruasorran
1019 376 1084 442 189
1184 450 1196 463 .

44 551 102 609 vtro
121 549 246 627 adquam
268 530 425 623 exercent,
451 548 551 606 omnia
570 548 612 605 ita
635 519 910 623 comparatorum,
932 559 966 608 nt
986 548 1085 609 leme-
1206 607 1228 621 ,,

46 649 153 725 ralopia
181 648 315 706 audemia
341 648 466 722 existat,
493 664 568 724 puae
596 664 649 704 aaa
672 648 799 704 maxime
828 647 987 723 corripere·
1000 652 1109 723 solet„

45 748 95 824 qui
113 747 158 805 nti
174 744 306 822 lrospitea
328 746 428 823 aliquo
450 746 515 803 loco
536 745 775 802 versantesillis
803 746 948 822 potentiia'
974 766 1085 805 nocen-

44 845 120 904 tibus
138 865 199 905 uon
220 846 379 905 assuefacti
399 853 484 917 aunt,
513 842 768 920 quemadmadtrrn‚
797 853 834 903 ut
854 846 987 921 exemplo
1008 854 1086 919 utar,
1153 902 1158 915 ι

46 945 314 1022 septentrionalium
348 945 503 1023 regionum
535 942 649 999 incolae
677 941 709 998 in
737 942 836 999 terris
853 942 1084 1017 mediterraneis,

47 1061 117 1120 quas
141 1053 268 1115 vocant,
295 1042 344 1098 rel
370 1042 491 1117 tropicis
519 1048 742 1102 commorantes.
798 1038 897 1097 Testis
926 1049 973 1097 eat
1000 1038 1086 1116 lmjem

45 1143 89 1199 rei
109 1140 304 1219 Saurages
328 1133 378 1219 ¹),
406 1141 455 1216 qui
480 1140 512 1194 in
533 1138 607 1195 vicis
629 1156 719 1217 prppe
741 1135 872 1194 Mortem
893 1137 1087 1197 Passalanurn

45 1220 110 1299 sitis
131 1250 217 1318 atqua
235 1240 268 1296 in
284 1236 454 1315 regionibus
472 1234 625 1294 fluviorum
637 1235 792 1292 vicinitate
807 1236 958 1295 mauronis
973 1235 1087 1297 huone

45 1337 193 1411 morbum,
221 1335 405 1411 nmlrlyopiae
426 1336 639 1410 crepuscularis
659 1334 779 1419 nomine
806 1334 998 1413 insignitum,
1025 1339 1087 1412 epi·

46 1436 168 1494 denium
189 1434 400 1512 quodammodo
421 1434 529 1507 liniare,
555 1443 590 1491 et
607 1431 728 1489 militer·
739 1432 926 1505 potissimum
943 1426 1087 1492 subdivo

47 1534 235 1592 dormitantes
258 1541 406 1605 tentasse,
428 1540 538 1594 nomas.
581 1529 694 1589 Eadem
713 1529 808 1586 morbi
826 1532 920 1604 ratio,
943 1534 1087 1609 quatenus

46 1632 184 1713 audemia·
202 1636 263 1708 est,
292 1628 405 1688 obtinet
431 1630 463 1687 iu
486 1628 570 1688 lndia
591 1637 651 1685 tam
674 1627 812 1684 orientali
840 1644 926 1705 qnam
951 1629 1087 1689 occides-
1123 1620 1126 1629 ’

47 1731 115 1805 tali,
136 1732 168 1788 iu
187 1727 333 1800 Brarilia,
355 1729 388 1786 in
410 1729 516 1787 insulis
537 1724 698 1798 Moluceis,
719 1724 751 1782 iu
774 1723 884 1800 Chiron,
910 1729 1036 1788 maxime
1055 1733 1088 1787 iu

46 1829 85 1886 iis
105 1827 232 1905 ejusdem
250 1826 401 1903 partibus,
430 1829 462 1884 in
491 1825 596 1903 quibus
623 1841 733 1902 magna
752 1842 859 1900 oryzae
880 1827 928 1883 vir
948 1848 987 1886 ex
1007 1830 1089 1909 agris

46 1920 212 2005 colligitur,
240 1926 274 1984 iss
302 1924 450 2000 paludosis
478 1925 571 2002 igitur
602 1921 763 1993 tractibus,
789 1925 820 1980 in
849 1923 973 1983 dirersis
1001 1947 1089 2005 porro

46 2022 281 2104 Francegulllse,
302 2020 456 2094 Poloniae‚
478 2019 604 2079 Rusaiae
622 2019 802 2095 aliarumque
826 2028 969 2081 terrarum
989 2026 1089 2104 regio-

45 2120 141 2186 nibus.
193 2121 264 2182 flue
287 2118 376 2178 etium
405 2127 517 2194 spectat
544 2116 635 2189 illud,
662 2115 740 2192 qaod
770 2116 940 2178 meuserit
968 2122 1089 2181 Four-

44 2219 127 2279 nier
153 2213 190 2300 (l.
210 2216 253 2296 o.)
283 2217 316 2275 ln
341 2216 472 2293 pluribus
494 2233 580 2292 quam
603 2215 790 2293 septuaginta
811 2217 955 2276 militibus
977 2222 1090 2281 axilla

43 2318 180 2395 legione,
208 2334 283 2395 quae
304 2332 411 2374 namen
432 2316 525 2372 traxit
547 2333 565 2374 a
586 2312 790 2390 Bruque'rille,
818 2313 1016 2393 homeralopia
1042 2321 1089 2377 la·-

44 2414 232 2488 lorantllrus,
261 2430 335 2491 qnae
356 2422 511 2471 natuerat
533 2433 550 2471 e
570 2415 651 2472 vitiis
674 2412 848 2492 digestionis
870 2423 901 2472 et
922 2418 1091 2496 congestio·
1112 2439 1118 2455 ·

43 2511 130 2571 ar‘ins
152 2513 307 2592 sanguinis
328 2530 346 2570 a
366 2512 592 2591 refrigeratione
613 2514 734 2575 exortia.

128 2609 193 2670 lara
213 2629 285 2672 nero
306 2596 479 2689 quamquam
499 2609 604 2688 negari
630 2627 692 2667 non
712 2620 822 2687 potest,
852 2632 953 2672 omnes
975 2614 1091 2691 quidone

43 2709 194 2786 hueusque
216 2708 361 2771 exhibitas
380 2711 486 2768 noxias
509 2727 560 2767 eos
581 2726 741 2785 provocare
761 2711 889 2785 morbos,
914 2731 955 2770 ax
976 2710 1091 2791 quilius,
1164 2706 1168 2714 ’

39 2810 71 2867 ei
93 2807 210 2885 quando
231 2807 347 2883 adsint,
372 2809 421 2865 rel
447 2806 642 2883 hemeralopia
670 2809 751 2884 ipsa,
779 2810 827 2866 rel
856 2819 935 2867 certo
963 2811 1001 2867 ad
1027 2830 1092 2869 eam

42 2907 216 2984 proclivitas
241 2906 385 2983 quaedam
412 2915 582 2980 enascatur,
609 2915 707 2965 tamen
736 2925 773 2965 ex
798 2909 892 2965 altera
919 2917 1001 2983 parte
1031 2925 1116 2968 non·

43 3003 340 3082 praetermittendum
358 3003 513 3081 estffquod
534 3002 566 3060 hi
585 3004 642 3081 ipai
662 3005 757 3064 morbi
776 3007 825 3063 vel
846 3006 911 3065 sine
931 3009 995 3066 nlla
1012 3009 1093 3067 oculi

42 3102 216 3164 venditione
236 3112 360 3176 vuata,
381 3102 488 3160 nedum
508 3100 706 3182 hemeralopia
727 3108 891 3165 oomociati
912 3108 1092 3171 exoriantur.

40 3201 126 3260 Hinc
146 3202 239 3282 igitur
258 3197 337 3260 haud
359 3197 445 3264 dubie
459 3192 645 3261 manifestum
664 3214 720 3277 est,
742 3207 820 3264 alias
836 3207 955 3282 insuper
972 3213 1093 3264 exstent

39 3318 154 3359 canses
177 3314 298 3360 neamus
321 3296 402 3373 essa,
433 3288 513 3377 quam⁸
525 3302 979 3382 progignendaelremeralepiae
1000 3304 1111 3378 petis,

39 3399 150 3458 simum
170 3399 342 3462 isaerriant.
385 3397 452 3458 Has
472 3417 543 3458 vero
565 3409 619 3459 aut
635 3402 668 3458 iu
696 3401 842 3481 singulari
870 3393 993 3478 quadarn
1022 3419 1094 3460 ocu·

38 3498 141 3557 laram
163 3495 358 3573 dispositione
378 3493 448 3554 huic
465 3497 567 3557 morbo
588 3499 725 3572 favente,
751 3501 854 3559 autin
876 3500 1016 3576 potentiis
1037 3517 1094 3557 uo·

38 3596 192 3670 centibus,
214 3594 366 3670 speciatim
384 3595 416 3651 in
438 3597 539 3654 oeulos
555 3596 616 3657 vim
638 3598 857 3670 exercentibus,
879 3603 991 3676 positae
1012 3607 1092 3662 sunt.

38 3695 105 3755 Sed
129 3712 197 3754 curu
217 3693 377 3771 singularia
400 3693 557 3769 quaedam,
581 3702 720 3772 utsupra
739 3699 920 3772 monuimus,
943 3699 1095 3759 oculorum

37 3791 79 3851 ud
101 3790 332 3869 hemeralapiurn
352 3790 533 3852 efficiendum
553 3797 757 3871 opportunitas
783 3816 878 3874 neque
905 3803 1094 3875 agnoscatur,

37 3909 142 3969 neque
158 3890 358 3971 intelligatur,
380 3907 438 3967 qna
459 3891 578 3951 tandem
599 3890 664 3950 fierl
685 3892 780 3970 possit
800 3897 932 3968 ratione,
954 3902 988 3950 ut
1008 3892 1095 3953 multi

77 4192 113 4269 i)
150 4192 941 4273 Neeologtenethodiqnecleas.V1.Gen.111.Speel.
1000 4242 1004 4249 .
