2728 4960
229 397 416 474 Jansnn
447 418 510 469 nn
540 418 937 477 unaarorsrxinn.
1026 425 1103 502 ¹59¹
1163 484 1166 491 A

75 596 155 642 ctare
173 578 241 654 ejus
266 576 395 637 occlusa
417 590 450 637 et
467 577 670 639 consolidata
690 581 782 643 nulla
806 599 996 646 remanente
1016 591 1100 648 cios·
1174 626 1180 637 ·

72 679 156 734 trice.
182 671 346 730 'Restituta
359 672 491 729 visionis
505 673 574 730 acie
588 671 733 751 perfecte
748 660 874 769 galatas
889 676 951 735 luit
965 684 1102 760 aeger.“

4 866 5 869 Ἴ
137 795 414 872 Propositionibus
436 791 576 857 isthanc
602 790 779 877 simplicdn
808 814 1004 860 cataractam
1019 822 1100 883 ope·

4 872 8 1003 l
69 888 157 951 randi
180 876 370 977 methodum
391 907 409 945 a
429 885 666 959 Conradio,
687 885 884 950 Richtero
909 907 969 955 etc.
991 894 1100 970 iactis,

68 985 279 1059 institutisque
311 992 573 1058 eapropterqper
599 977 821 1038 Gleitzium
849 972 881 1040 et
907 983 1099 1046 Beerium

69 1068 284 1154 experimentis
310 1087 361 1126 res
387 1067 485 1146 nulla,
501 1071 638 1150 amplius
659 1073 906 1152 investigatione
934 1074 1032 1156 digna
1053 1084 1098 1136 vi·

69 1165 197 1226 debatur
226 1158 358 1240 (saltem
385 1159 460 1220 data
488 1165 683 1222 contrarium
711 1166 860 1221 testantia
887 1183 940 1222 me
973 1178 1100 1228 sciente

68 1256 152 1318 nulla
163 1250 275 1335 sunt),
297 1271 368 1312 cum
385 1272 435 1335 res
452 1267 589 1331 repente
610 1251 721 1314 denuo
738 1272 798 1330 per
816 1253 874 1314 Dr.
893 1255 1103 1319 Buchhor··

66 1353 203 1435 nium,
204 1363 306 1413 nova,
330 1357 386 1402 aut
405 1326 518 1404 saltem
537 1364 625 1405 novo
645 1349 779 1404 nomine
797 1349 950 1427 insignita
970 1350 1099 1425 procla·

66 1453 207 1504 manetur.
254 1435 317 1494 Hic
335 1455 478 1515 namque
506 1456 566 1514 per
585 1434 653 1505 Cel.
676 1435 856 1495 Reilium
884 1457 954 1496 eam
973 1445 1008 1500 in
1028 1464 1098 1502 rem

65 1527 207 1599 reflexus,
234 1531 363 1613 captis
353 1533 388 1588 in
407 1531 495 1589 vario
517 1530 727 1589 animantium
754 1547 875 1608 genere
895 1536 1098 1607 experimen·

64 1628 117 1691 tis,
138 1640 203 1682 rem
225 1618 267 1703 ad
287 1624 399 1726 praxin
420 1617 545 1681 traduci
564 1637 679 1695 posse,
712 1616 843 1688 doctus,
872 1627 1019 1681 tractatui
1040 1647 1098 1684 au·

66 1729 129 1773 ctor
145 1712 222 1782 tuit,
253 1713 305 1768 cui
331 1712 507 1789 inscripsit:
542 1707 766 1785 „Dissertatio
787 1710 829 1770 da
848 1707 1096 1797 lteratonyxide,

62 1824 138 1867 nova
157 1819 336 1893 cataractae
356 1799 492 1882 aliisque
513 1799 682 1875 oculorum
708 1798 829 1861 morbis
853 1802 1008 1864 medendi
1028 1828 1097 1866 me·

62 1878 172 1956 ibodo
184 1872 443 1974 chirurgica,“
451 1908 484 1952 et
508 1890 776 1975 keratonyxidem
802 1890 890 1950 illam
915 1900 1098 1957 nominavit

59 1984 261 2057 methodum,
294 2004 361 2066 qua
380 2004 440 2043 acu
460 1983 502 2045 ad
527 1985 562 2045 id
583 1984 732 2064 adaptata
753 2002 873 2043 cornea
898 1984 1095 2063 perforatur,

60 2093 94 2137 nt
113 2076 259 2156 operatio
282 2070 470 2171 quaedam
462 2095 498 2134 ιιι
524 2074 732 2135 interioribus
752 2075 841 2137 oculi
866 2074 1010 2154 partibus
1030 2074 1096 2139 fiat}

60 2156 241 2230 Secnntlum
253 2150 353 2226 illum
373 2162 560 2226 adhibenda
580 2181 646 2225 est:

132 2288 160 2365 a)
178 2252 227 2354 hd
246 2284 350 2354 sarim
373 2296 552 2347 cataractae
573 2285 697 2361 species

129 2378 159 2455 a)
179 2409 215 2422 -
236 2388 410 2434 cataractas
430 2373 636 2435 secundariae

122 2470 154 2548 3)
175 2499 212 2513 -
231 2465 412 2537 nonnullos
429 2465 509 2527 alios
529 2466 618 2529 oculi
635 2463 779 2529 morbos.

97 2610 274 2674 ‘Professor
291 2602 591 2693 Langenbeck,
611 2605 755 2687 perlecta
775 2602 836 2682 hac
856 2604 979 2683 opella,
998 2605 1096 2668 kere·

54 2702 240 2784 tonyxidem
261 2696 409 2782 dignam,
432 2702 573 2778 quaein
594 2703 821 2777 operationum
844 2694 1095 2779 chirurgicorum

55 2792 160 2855 album
180 2796 402 2870 reciperetur,
425 2784 674 2860 arbitratus','ut
690 2807 740 2849 res
762 2809 779 2848 a
799 2789 945 2868 plurimis
967 2790 1007 2848 ad
1029 2798 1095 2849 tiu·

53 2890 149 2947 tinam
169 2880 380 2947 revocaretur
400 2878 517 2942 effecit.
557 2879 720 2963 Synopsin
749 2884 833 2959 enim
862 2879 1094 2942 dissertationis

57 2984 330 3037 commemoratae
367 2964 586 3034 bibliothecae
621 2991 699 3031 suae
732 2969 930 3054 chirurgicae
959 2973 1097 3033 volumi·

52 3074 98 3129 nit
117 3066 259 3130 secundi
284 3065 440 3127 fasciculo
467 3067 563 3124 tertio
589 3060 823 3142 promulgavit,
854 3059 1024 3137 subjuncta
1053 3061 1097 3124 atl

54 3159 173 3220 calcem
193 3178 251 3219 sua
271 3162 307 3217 in
326 3177 394 3217 rem
415 3154 542 3228 mente,
571 3155 687 3215 additis
707 3153 802 3214 simul
827 3152 1019 3235 quibusdam
1036 3176 1100 3216 ca..

51 3249 134 3311 sibus
163 3249 206 3310 de
234 3247 322 3308 felici
351 3246 548 3329 operationis
580 3239 674 3326 hujus
700 3264 760 3329 per
791 3267 826 3307 se
851 3244 1093 3326 redintegratae

50 3361 198 3404 successu
212 3336 474 3421 perhibentibus.
531 3332 533 3335 ’
549 3334 551 3337 ’

121 3469 317 3530 Sermonem
337 3465 378 3526 de
406 3438 508 3526 hocce
534 3464 667 3543 objecto
692 3482 827 3545 quoque
852 3477 1023 3522 moverunt
1042 3444 1095 3551 in{

51 3554 135 3621 dices
153 3559 356 3640 eruditorum
379 3563 481 3641 gratia
500 3556 689 3639 Gottingae,
710 3553 1001 3639 ephemeridesque
1019 3554 1093 3614 lite·

50 3663 178 3711 saturae
197 3651 299 3738 lenae
321 3648 373 3709 edi
392 3649 517 3712 solitae.

122 3771 255 3835 Abhinc
276 3773 555 3858 Langenbeclr
583 3773 708 3833 nullam
726 3768 864 3833 recentis
890 3767 984 3847 hujus
1011 3766 1096 3851 ope&

46 3867 183 3925 rationis
210 3868 347 3926 examini
374 3880 481 3944 aptam
509 3870 716 3926 occasionem
728 3869 957 3927 e-transmittere
965 3906 977 3939 ,
1019 3885 1090 3929 eam

47 3969 107 4029 pro
128 3975 190 4017 ruo
215 3959 444 4028 emendare3
435 3979 501 4017 imo
521 3957 614 4037 plus,
642 3971 674 4016 at
693 3962 818 4036 primae
841 3960 944 4015 vivam
963 3960 998 4016 in
1019 3977 1090 4020 cor·

46 4058 144 4104 neam
175 4062 242 4107 arte
269 4050 374 4110 factae
400 4063 581 4130 puncturae
610 4046 670 4109 sihi
690 4048 854 4109 sindicare
880 4047 1025 4139 gloriam.
1051 4082 1090 4096 -

48 4130 138 4197 Anni
164 4144 269 4219 spatio
290 4155 414 4204 tantam
434 4141 565 4225 collegit
586 4144 836 4222 experientiam,
854 4154 1019 4223 quantam
1038 4148 1089 4205 et·
