2722 4956
222 367 401 428 Sounion
424 377 469 423 nn
492 377 700 424 rarcnrrsr
721 379 767 424 nr
789 378 1001 457 turranio.
1065 358 1129 433 aot

178 520 314 584 satius
330 520 443 594 ¹licre
464 520 566 579 eodem
586 521 674 581 modo
695 522 894 598 operationem
913 524 1052 599 perfecit,
1070 533 1140 583 utu·>

92 637 179 698 men,
207 622 284 699 quod
305 630 427 697 partem
440 618 666 693 exscindendam
686 621 793 678 attinet
816 638 837 678 a
858 619 995 680 methodo
1019 619 1131 681 Gehia·
1194 668 1199 677 ,

92 741 133 783 na
162 720 337 780 aberravit.‘
364 716 422 776 Hie
450 726 553 776 auctor
572 735 677 794 nempe
696 719 884 792 incisionem,
911 736 986 797 qnae
1006 721 1131 800 margini

91 818 212 878 orbitali
236 818 354 894 propior
380 827 443 890 est,
472 818 707 889 semilunatam,
725 818 805 877 iilam
831 827 930 877 autent
955 817 995 876 ad
1019 827 1133 883 tartum

90 927 276 996 spectantem
301 925 411 989 rectam
436 914 646 974 instituendam
666 933 768 987 esse„
782 913 890 987 etheo
909 918 1023 979 ratiorm
1044 936 1131 977 cura-

90 1019 204 1076 tionem
224 1015 373 1073 meliorem
393 1015 565 1092 contingere
581 1013 733 1090 judicavit.
843 1032 846 1037 ’

180 1146 278 1207 Ceteri
298 1145 429 1227 chirurgi
448 1133 511 1203 iere
538 1164 652 1222 semper
673 1148 888 1223 operationem,
916 1149 1031 1222 qualern
1052 1119 1131 1206 (iei-

90 1268 157 1308 sus
180 1247 316 1319 tradidit,
344 1253 539 1317 exercuerunt
561 1244 598 1301 ad
619 1241 770 1303 Rhasen
790 1263 902 1321 usque,
934 1247 985 1323 qui
1003 1245 1080 1322 plica
1100 1248 1133 1304 in

1 1391 2 1399 ,
90 1345 233 1422 palpebra
252 1347 361 1417 levata,
383 1344 524 1420 oculoque
546 1352 692 1416 contecto,
713 1341 796 1400 filum
817 1361 887 1400 aeus
909 1362 963 1419 ope
984 1341 1156 1417 perhanc·

1 1467 2 1494 ;
88 1448 199 1522 plicam
220 1445 351 1519 trajecit,
374 1450 404 1499 et
424 1441 563 1517 scalpello
584 1439 660 1499 hanc
681 1441 772 1507 cutim
793 1443 938 1501 elevatam
957 1440 1150 1503 abscinden·'

88 1543 160 1603 dam
181 1542 275 1600 suasit
288 1540 326 1616 ²).

2 1760 4 1763 ι
181 1673 266 1744 Quod
292 1673 448 1747 auxilium,
478 1677 561 1750 cujus
581 1675 719 1732 inventor
739 1650 882 1732 iihaaes
910 1673 985 1749 fuit,
1014 1675 1132 1754 mijoris

89 1773 236 1834 momenti
265 1780 326 1844 est,
355 1773 440 1848 eique
467 1771 561 1830 innixi
587 1772 647 1843 alii¹
664 1770 796 1852 chirurgi
821 1776 1048 1832 instrumentum
1067 1774 1132 1834 ido-

1 1888 3 1891 ·
89 1893 183 1934 neum
210 1870 248 1929 ad
275 1870 382 1946 plicam
402 1870 478 1927 cutis
500 1869 669 1929 elevandam
691 1872 859 1949 excogitare
880 1871 1071 1946 studuerunt3
1103 1882 1133 1930 et
1218 1945 1221 1948 ᾗ

88 1966 273 2032 Bartiseh
298 1986 369 2044 prae
392 1965 525 2025 omnibus
546 1987 631 2026 usum
650 1967 770 2045 forcipis
792 1968 830 2024 ad
851 1978 950 2027 cutem
970 1968 1133 2046 apprehen·

1 2069 3 2090 ”
89 2069 221 2130 dentiam
239 2052 383 2146 expusuit.
412 2063 579 2123 Serioribns
598 2063 695 2123 autem
703 2048 885 2141 temporibus
896 2067 1133 2142 instrumentum,

0 2175 2 2188 ¹
90 2167 173 2248 qnod
193 2161 373 2222 Bertiseh
401 2156 450 2221 ad*
467 2163 663 2226 abundantem
691 2144 789 2221 cutem
813 2163 1067 2243 adstringendum,
1100 2174 1134 2223 ut

4 2256 5 2259 ¹
89 2267 272 2335 emoriatur,
292 2258 560 2338 in‘blepharoptosi
580 2260 710 2319 curanda
730 2264 897 2339 usurpavit,
924 2262 1030 2340 forcipi
1049 2281 1134 2341 prae·

3 2362 6 2385 Ι
88 2363 276 2445 ponebatur,
310 2378 367 2437 quo
389 2355 565 2438 aarum
585 2357 808 2438 Varduyn⁴)
835 2362 989 2435 commoti,
1022 2361 1134 2420 instru-

88 2473 226 2526 mentum
248 2478 266 2516 a
286 2456 507 2540 Bertischiu
529 2461 683 2517 inventum
703 2467 872 2532 mutarunt,
901 2468 934 2516 et
952 2459 1134 2525 foraminulis

1 2561 3 2596 Ι
88 2560 267 2642 praeditum⁸
281 2566 525 2631 construxerunt,
548 2575 625 2633 quo,
647 2565 715 2613 cute
736 2554 916 2633 apprehensa
937 2555 1135 2635 adstrictaque

2 2658 6 2681 “’
89 2669 142 2722 tot
163 2675 251 2729 acus,
274 2664 345 2730 quet
364 2655 486 2713 tumoris
507 2656 647 2712 circuitus
668 2653 853 2733 requirebat,
874 2672 928 2731 per
946 2655 1135 2738 instrumenti

2 2786 4 2791 ·
88 2754 277 2821 foraminula
300 2750 490 2832 transfigere,
528 2761 559 2811 et
592 2751 643 2809 fila
671 2753 788 2809 iliorum
818 2754 966 2828 utrimque
993 2771 1135 2831 suspensa

1 2890 2 2894 =
89 2858 261 2932 relinquere
286 2861 414 2927 possent.
458 2851 522 2919 Quo
543 2848 622 2906 facto
650 2858 794 2915 tumorem
820 2850 923 2920 forfice
950 2842 995 2910 v‘el
1017 2853 1135 2910 cultello

0 2970 1 2983 ¹
87 2949 313 3035 praecidebant,
334 2952 560 3009 instrumentum
577 2946 708 3007 modeste
725 2940 925 3022 removebant,
947 2949 1064 3015 relictis,
1078 2948 1136 3008 fiiis

90 3063 196 3115 autem
214 3047 292 3111 labia
312 3049 442 3108 vulneris
463 3057 615 3107 eontracta
634 3043 808 3131 nectebant,
833 3058 864 3108 et
883 3047 1008 3122 mnus,
1029 3057 1064 3107 ut
1082 3066 1136 3126 par

1 3156 6 3193 ἵ
89 3160 190 3226 esset,
216 3146 394 3208 tractabant.

181 3279 312 3340 Nostris⁴
326 3278 505 3356 temporibus
533 3289 632 3338 autem
652 3278 716 3337 iera
735 3295 850 3355 temper
869 3269 981 3356 forcipe
1002 3279 1039 3338 ad
1059 3277 1136 3338 hano

2 3454 4 3459 ⁴
45 3450 52 3465 Ι
90 3382 296 3463 operationem
322 3377 454 3458 chirurgi
479 3376 645 3437 utebantur.
688 3374 801 3439 Tamen
830 3376 927 3453 quoad
946 3377 1070 3435 formam
1088 3378 1136 3436 in·

91 3496 143 3543 ter
172 3498 205 3538 se
231 3478 414 3553 discrepant,
445 3485 476 3534 et
504 3478 626 3552 quisque
653 3474 734 3547 fere,
767 3474 817 3530 cui
842 3471 917 3531 hane
938 3476 1138 3550 operationem

1 3575 3 3584 ’
90 3580 214 3658 saepius
233 3575 374 3653 perficere
396 3575 531 3654 contigit,
551 3573 692 3650 forcipem
714 3567 802 3631 etiaiu
822 3571 920 3646 aliqua
940 3574 1054 3632 ratione
1071 3591 1137 3632 mn·
1179 3586 1182 3591 ’

88 3728 412 3749 m

182 3836 330 3947 libatas,
348 3881 407 3935 bc.
750 3874 754 3882 ‘

182 3919 818 4018 Heister‚1mtit.cbir.Tom..1polu
845 3947 913 4002 Tab
931 3946 1007 4002 ΧΙΧ.·
1029 3947 1076 4018 fig.
1092 3946 1136 4002 22

187 4022 363 4093 [Wennei‚
381 4020 690 4075 Manueideioculrste
714 4019 1135 4090 TemeII.tabXXiLiig1.]

181 4095 338 4236 uilgeiutpr,
364 4092 381 4146 Ι.
400 4110 422 4145 o.
446 4110 472 4161 p
490 4091 551 4146 511.
576 4091 646 4146 Tab.
659 4076 725 4183 XV
746 4091 792 4159 dg
806 4091 850 4146 21
893 4090 1063 4158 [Wenzeh
1081 4090 1136 4144 i..c
1174 4166 1177 4171 ⁴
