2728 4960
229 384 416 459 Jaaean
448 403 941 462 nnrrnnsrourxtnn.
1013 405 1098 476 -175

76 562 184 641 ptionis
203 558 448 639 promovendae
470 558 718 634 adminiculum,
742 561 843 642 idque
863 564 985 623 scilicet
1002 568 1100 625 inno-

76 673 159 711 cuum
179 673 247 712 esse
268 649 418 739 adfirmo,
440 647 544 711 effuso
565 657 651 711 enim
673 671 713 712 eo
732 670 838 732 partes
859 656 946 715 oculi
967 665 1100 717 cameris

74 743 201 803 reclusas
220 743 590 828 incredibilitceleritate
610 742 775 806 absorberi
794 747 845 805 vel
858 746 1027 828 hypopion
1048 770 1100 808 os·

17 892 18 895 ,
76 833 183 904 tendit;
222 853 299 894 nam
331 841 367 897 in
396 858 456 916 pus
488 840 578 902 bulbi
611 845 744 901 cameris
772 845 900 897 summis
931 838 1100 900 doloribus

18 968 24 979 .
76 926 248 998 collectum,
272 948 346 987 cum
361 949 419 1008 per
434 930 502 990 dies
521 935 587 990 imo
605 950 666 1009 per
677 936 870 1011 septimanas
884 930 1100 991 medicamina

17 1066 18 1109 ζ
75 1020 129 1076 vim
148 1015 369 1079 resorbentern
389 1027 538 1082 acuentia
556 1026 685 1083 interna
706 1037 739 1082 et
760 1036 900 1092 externa,
924 1021 1004 1080 nihil
1024 1042 1101 1101 pro·

75 1108 226 1183 lecerunt,
260 1124 389 1190 ruptam
415 1132 476 1191 per
506 1134 658 1174 corneam
689 1112 807 1173 ellusus
834 1111 951 1172 humor
977 1134 1099 1191 aqueus

17 1260 18 1273 ¹
77 1202 223 1260 medicum
243 1205 421 1276 anxietate,
452 1223 584 1284 aegrum
613 1204 780 1288 doloribus
806 1203 932 1263 liberat.
970 1204 1040 1262 Nec
1059 1209 1101 1268 si·

77 1291 259 1352 multaneam
279 1291 314 1350 id
333 1311 392 1370 per
410 1299 498 1371 puris
519 1302 760 1363 evacuationem
777 1293 847 1354 fieri
862 1293 924 1353 sibi
939 1299 1100 1374 quispiam

17 1428 18 1433 η
76 1387 272 1467 imaginetur:
305 1404 375 1445 non
400 1407 474 1448 raro
502 1392 589 1447 enim
616 1407 735 1449 cornea
761 1386 863 1446 multo
890 1406 983 1465 supra
1010 1391 1101 1447 istius

78 1492 208 1559 stagnum
228 1491 325 1555 rupta
346 1475 499 1538 elabendi
518 1479 704 1539 facultatem
723 1495 839 1560 negat,
871 1493 989 1537 eventu
1016 1478 1101 1538 nihi·

17 1584 18 1587 ’
78 1568 200 1628 lominus
228 1566 375 1646 aequali;
406 1571 472 1629 imo
501 1585 534 1629 et
556 1590 674 1651 magna
704 1577 882 1652 quantitate
907 1576 942 1632 in
966 1577 1099 1631 cameris

82 1659 151 1718 oculi
169 1657 406 1718 accumulatum
425 1679 484 1737 pus
493 1703 507 1734 ,
538 1680 634 1738 saepe
654 1660 800 1723 inauditi
820 1663 982 1723 celeritate
1004 1664 1100 1723 absu-

80 1755 116 1810 mi
135 1771 250 1811 cornea
278 1754 372 1809 etiarn
392 1753 536 1832 integra,
564 1751 660 1812 docet
681 1757 870 1834 quotidiana
890 1759 1099 1833 experientia.

138 1842 275 1922 Capsula
304 1846 412 1900 autem
439 1861 508 1901 non
535 1842 732 1906 sufficienter
757 1863 886 1927 aperta,
922 1855 976 1903 dut
1007 1847 1099 1905 lente

78 1937 166 1994 minas
187 1947 353 2009 compacta
373 1932 598 2013 liquefactioni
619 1936 859 2012 resistentibus,
891 1936 1095 2017 lteratonyxi·

79 2024 155 2101 dem,
173 2046 233 2107 per
253 2025 405 2103 adjuncta
423 2029 450 2085 si
470 2025 564 2101 licet,
584 2040 753 2089 renovato.

443 2228 708 2254 ‹undu-nuum-

135 2363 381 2468 Depressionem
400 2405 459 2465 per
472 2405 625 2448 corneam
637 2385 720 2450 Lau
730 2386 964 2472 genbeclrio
982 2384 1097 2449 lauda·¹

74 2490 127 2537 tam
141 2479 227 2557 quod
245 2482 423 2551 concernit,
444 2484 480 2538 in
496 2499 580 2550 eam,
600 2500 698 2558 quam
717 2486 832 2558 poscit,
854 2479 943 2540 abire
963 2494 1096 2552 sentens

74 2571 138 2629 tiam
155 2584 221 2628 rum
244 2590 264 2628 e
284 2571 394 2644 dictis,
416 2584 483 2629 tum
504 2590 523 2630 e
543 2570 708 2641 dicendis,
735 2570 837 2646 justus
856 2589 926 2630 non
946 2588 1096 2647 possum3

72 2660 125 2739 iuro
139 2680 214 2721 vero
236 2681 275 2722 ex
294 2665 445 2742 opposito
464 2675 564 2719 artem
584 2659 645 2719 hac
662 2673 889 2739 retrogressam
910 2659 1056 2720 arbitror.

133 2751 431 2832 Willburgium
446 2771 499 2826 eo,
515 2766 551 2811 ut
567 2771 662 2830 supra
675 2749 820 2825 vidimus,
830 2750 916 2810 bene
927 2752 1092 2824 meruisse,
1160 2768 1163 2777 ¹

73 2845 149 2926 quod
171 2838 434 2924 depressionem,
468 2843 683 2925 reclinatione
710 2857 887 2903 cataractae
915 2846 950 2901 in
979 2862 1095 2922 corpus

70 2941 189 2998 vitreum
210 2935 440 3007 emendaverit,
462 2934 534 3011 jure
555 2941 754 3018 agnovimus,
773 2956 868 3017 quam
885 2935 1095 3014 postmodum

71 3026 204 3107 Scarpa
236 3026 321 3086 hanc
347 3046 366 3086 e
393 3047 518 3088 camera
543 3033 668 3107 postica
701 3030 829 3108 penitus
855 3026 1092 3099 submovendo,

71 3132 154 3200 atque
172 3125 208 3179 in
234 3116 403 3199 sphaeram
424 3113 627 3196 hyaloideam
647 3118 869 3201 demergendo
898 3123 999 3198 magis
1018 3138 1093 3198 per-

69 3207 141 3271 ierit.
178 3211 248 3270 Jam
267 3228 357 3281 vero,
379 3207 603 3292 keratonyxidi
623 3211 762 3289 palmam
783 3231 860 3291 prae
878 3210 1093 3270 reclinatione

70 3303 252 3381 aScarpa
279 3304 443 3380 proposita
469 3320 538 3360 non
566 3316 751 3381 competere
780 3317 811 3362 et
835 3305 1092 3381 praerogativam

67 3400 221 3473 aequantia
242 3391 429 3460 docebunt;
455 3402 487 3451 et
506 3394 638 3474 quidem
657 3398 758 3472 prima
774 3392 992 3453 reclinationis
1014 3409 1093 3450 con·

69 3483 136 3547 ditio
155 3503 218 3547 est:
248 3487 336 3546 Lens
354 3504 423 3543 asna
442 3505 515 3543 casm
529 3483 667 3563 capsula
681 3487 746 3543 siris
761 3484 900 3543 vinculis
912 3481 1057 3540 liberata
1074 3502 1093 3540 a

66 3580 181 3650 postica
200 3576 295 3636 butbt
316 3597 450 3636 cantem
471 3592 599 3636 remota
616 3578 652 3634 in
673 3592 788 3655 corpus
807 3578 945 3634 vitreum
963 3575 1015 3632 ita
1036 3572 1093 3633 de·

68 3683 238 3747 mergatur,
259 3680 295 3727 ut
313 3666 392 3727 inde
412 3666 548 3728 eradere
569 3689 640 3727 noa·
651 3654 774 3746 posita·
802 3681 873 3734 aut,
896 3666 932 3726 a‘t
952 3665 1092 3745 capsula

67 3761 205 3820 restitans
223 3761 277 3817 ita
304 3750 512 3837 discerpatur
535 3770 636 3840 atque
655 3754 836 3825 dividatur,
871 3768 907 3817 ut
929 3757 1090 3837 subsequa

65 3846 122 3921 ejus
132 3849 319 3909 obscuratio
331 3851 452 3910 vidoni
463 3868 633 3932 arenariam
648 3849 788 3935 amplias
800 3849 898 3909 obsis
938 3930 942 3935 ι

128 3940 164 4001 Id
185 3944 420 4022 'praecipiente
452 3928 799 4023 Lange'nbec'lrio,
833 3939 1004 4000 obtinenti
1027 3932 1088 4002 aaa

63 4042 113 4105 per
129 4033 215 4095 oculi
241 4039 366 4099 tunicas
391 4040 428 4097 in
447 4045 638 4125 cataractam
658 4032 794 4095 admissa
814 4028 849 4095 at
868 4038 970 4103 tectis
986 4037 1088 4095 instar

62 4134 178 4207 agente.
492 4145 496 4151 ·
673 4156 677 4163 ·
986 4146 987 4159 ¹
