<?xml version="1.0" encoding="UTF-8"?>
<!DOCTYPE html PUBLIC "-//W3C//DTD XHTML 1.0 Transitional//EN"
    "http://www.w3.org/TR/xhtml1/DTD/xhtml1-transitional.dtd">
<html xmlns="http://www.w3.org/1999/xhtml" xml:lang="en" lang="en">
 <head>
  <title>
</title>
<meta http-equiv="Content-Type" content="text/html;charset=utf-8" />
  <meta name='ocr-system' content='tesseract 3.04.00' />
  <meta name='ocr-capabilities' content='ocr_page ocr_carea ocr_par ocr_line ocrx_word'/>
</head>
<body>
  <div class='ocr_page' id='page_1' title='image "./scriptoresophth00radigoog_0756.png"; bbox 0 0 2666 4946; ppageno 0'>
   <div class='ocr_carea' id='block_1_1' title="bbox 300 374 1051 453">
    <p class='ocr_par' dir='ltr' id='par_1_1' title="bbox 300 374 1051 453">
     <span class='ocr_line' id='line_1_1' title="bbox 300 374 1051 453; baseline 0.009 -24"><span class='ocrx_word' id='word_1_1' title='bbox 300 384 355 453; x_wconf 75' lang='lat' dir='ltr'><strong>oa</strong></span> <span class='ocrx_word' id='word_1_2' title='bbox 385 382 732 436; x_wconf 64' lang='lat' dir='ltr'><strong>muneratoria.</strong></span> <span class='ocrx_word' id='word_1_3' title='bbox 903 374 908 383; x_wconf 84' lang='grc'><em>“</em></span> <span class='ocrx_word' id='word_1_4' title='bbox 989 378 1051 443; x_wconf 72' lang='lat'><strong>197</strong></span> 
     </span>
    </p>
   </div>
   <div class='ocr_carea' id='block_1_2' title="bbox 10 541 1124 1808">
    <p class='ocr_par' dir='ltr' id='par_1_2' title="bbox 12 541 1105 1112">
     <span class='ocr_line' id='line_1_2' title="bbox 15 541 1048 626; baseline 0.005 -23"><span class='ocrx_word' id='word_1_5' title='bbox 15 546 56 605; x_wconf 80' lang='lat' dir='ltr'><strong>iai</strong></span> <span class='ocrx_word' id='word_1_6' title='bbox 70 554 169 623; x_wconf 83' lang='lat' dir='ltr'><strong>partea</strong></span> <span class='ocrx_word' id='word_1_7' title='bbox 190 543 270 625; x_wconf 63' lang='lat' dir='ltr'><strong>lm</strong></span> <span class='ocrx_word' id='word_1_8' title='bbox 282 541 448 605; x_wconf 81' lang='lat' dir='ltr'><strong>maxillaria</strong></span> <span class='ocrx_word' id='word_1_9' title='bbox 464 541 616 603; x_wconf 70' lang='lat' dir='ltr'><strong>inferioris</strong></span> <span class='ocrx_word' id='word_1_10' title='bbox 636 543 722 603; x_wconf 81' lang='lat' dir='ltr'><strong>uerri</strong></span> <span class='ocrx_word' id='word_1_11' title='bbox 739 543 892 623; x_wconf 73' lang='lat' dir='ltr'>trigemini</span> <span class='ocrx_word' id='word_1_12' title='bbox 911 547 1048 626; x_wconf 78' lang='lat' dir='ltr'><strong>irritent3</strong></span> 
     </span>
     <span class='ocr_line' id='line_1_3' title="bbox 14 630 1047 720; baseline -0.002 -19"><span class='ocrx_word' id='word_1_13' title='bbox 14 654 30 701; x_wconf 88' lang='lat' dir='ltr'><strong>t</strong></span> <span class='ocrx_word' id='word_1_14' title='bbox 50 642 227 703; x_wconf 81' lang='lat' dir='ltr'><strong>veaieatoria</strong></span> <span class='ocrx_word' id='word_1_15' title='bbox 245 630 332 720; x_wconf 79' lang='lat' dir='ltr'><strong>juxte</strong></span> <span class='ocrx_word' id='word_1_16' title='bbox 352 642 455 700; x_wconf 83' lang='lat' dir='ltr'><strong>oeuloe</strong></span> <span class='ocrx_word' id='word_1_17' title='bbox 484 640 639 715; x_wconf 71' lang='lat' dir='ltr'><strong>inposite,</strong></span> <span class='ocrx_word' id='word_1_18' title='bbox 669 660 744 720; x_wconf 84' lang='lat' dir='ltr'><strong>quae</strong></span> <span class='ocrx_word' id='word_1_19' title='bbox 771 642 832 701; x_wconf 81' lang='lat' dir='ltr'><strong>vim</strong></span> <span class='ocrx_word' id='word_1_20' title='bbox 857 652 971 706; x_wconf 87' lang='lat' dir='ltr'><strong>tautum</strong></span> <span class='ocrx_word' id='word_1_21' title='bbox 992 645 1047 709; x_wconf 66' lang='lat' dir='ltr'><strong>lra-</strong></span> 
     </span>
     <span class='ocr_line' id='line_1_4' title="bbox 14 740 1046 821; baseline 0.005 -21"><span class='ocrx_word' id='word_1_22' title='bbox 14 750 67 801; x_wconf 88' lang='lat' dir='ltr'><strong>ent</strong></span> <span class='ocrx_word' id='word_1_23' title='bbox 87 743 135 800; x_wconf 80' lang='lat' dir='ltr'><strong>vel</strong></span> <span class='ocrx_word' id='word_1_24' title='bbox 156 743 190 799; x_wconf 89' lang='lat' dir='ltr'><strong>in</strong></span> <span class='ocrx_word' id='word_1_25' title='bbox 211 740 399 821; x_wconf 69' lang='lat' dir='ltr'><strong>excitandum</strong></span> <span class='ocrx_word' id='word_1_26' title='bbox 425 755 547 797; x_wconf 75' lang='lat' dir='ltr'><strong>namuro</strong></span> <span class='ocrx_word' id='word_1_27' title='bbox 576 741 708 817; x_wconf 84' lang='lat' dir='ltr'><strong>quintum</strong></span> <span class='ocrx_word' id='word_1_28' title='bbox 736 742 831 816; x_wconf 82' lang='lat' dir='ltr'><strong>iprum</strong></span> <span class='ocrx_word' id='word_1_29' title='bbox 859 744 908 800; x_wconf 82' lang='lat' dir='ltr'><strong>vei</strong></span> <span class='ocrx_word' id='word_1_30' title='bbox 934 745 967 803; x_wconf 87' lang='lat' dir='ltr'><strong>in</strong></span> <span class='ocrx_word' id='word_1_31' title='bbox 981 764 1046 805; x_wconf 75' lang='lat' dir='ltr'><strong>eoa</strong></span> 
     </span>
     <span class='ocr_line' id='line_1_5' title="bbox 13 836 1045 923; baseline 0.006 -28"><span class='ocrx_word' id='word_1_32' title='bbox 13 858 150 900; x_wconf 49' lang='lat' dir='ltr'><strong>¹errorum</strong></span> <span class='ocrx_word' id='word_1_33' title='bbox 166 857 275 914; x_wconf 81' lang='lat' dir='ltr'><strong>ramea,</strong></span> <span class='ocrx_word' id='word_1_34' title='bbox 294 838 347 916; x_wconf 81' lang='lat' dir='ltr'><strong>qui</strong></span> <span class='ocrx_word' id='word_1_35' title='bbox 363 855 429 897; x_wconf 87' lang='lat' dir='ltr'><strong>eum</strong></span> <span class='ocrx_word' id='word_1_36' title='bbox 445 838 499 896; x_wconf 89' lang='lat' dir='ltr'><strong>illo</strong></span> <span class='ocrx_word' id='word_1_37' title='bbox 519 841 755 919; x_wconf 47' lang='lat' dir='ltr'><strong>oonJ&#39;ungunturr</strong></span> <span class='ocrx_word' id='word_1_38' title='bbox 778 836 970 901; x_wconf 68' lang='lat' dir='ltr'><strong>Demonstrat</strong></span> <span class='ocrx_word' id='word_1_39' title='bbox 985 843 1045 923; x_wconf 87' lang='lat' dir='ltr'><strong>igi-</strong></span> 
     </span>
     <span class='ocr_line' id='line_1_6' title="bbox 13 924 1105 1017; baseline 0.005 -21"><span class='ocrx_word' id='word_1_40' title='bbox 13 956 44 996; x_wconf 90' lang='lat' dir='ltr'><strong>ur</strong></span> <span class='ocrx_word' id='word_1_41' title='bbox 60 935 256 1015; x_wconf 82' lang='lat' dir='ltr'><strong>idiopatbieae</strong></span> <span class='ocrx_word' id='word_1_42' title='bbox 272 935 486 1012; x_wconf 82' lang='lat' dir='ltr'><strong>hemeralopiae</strong></span> <span class='ocrx_word' id='word_1_43' title='bbox 503 932 648 1012; x_wconf 79' lang='lat' dir='ltr'><strong>therepie,</strong></span> <span class='ocrx_word' id='word_1_44' title='bbox 663 954 781 996; x_wconf 87' lang='lat' dir='ltr'><strong>eeueem</strong></span> <span class='ocrx_word' id='word_1_45' title='bbox 798 938 928 1015; x_wconf 85' lang='lat' dir='ltr'><strong>ejuadem</strong></span> <span class='ocrx_word' id='word_1_46' title='bbox 942 944 1043 1017; x_wconf 87' lang='lat' dir='ltr'><strong>proxi·</strong></span> <span class='ocrx_word' id='word_1_47' title='bbox 1103 924 1105 933; x_wconf 49' lang='grc'><strong><em>’</em></strong></span> 
     </span>
     <span class='ocr_line' id='line_1_7' title="bbox 12 1033 1001 1112; baseline 0.006 -19"><span class='ocrx_word' id='word_1_48' title='bbox 12 1055 71 1095; x_wconf 80' lang='lat' dir='ltr'><strong>rem</strong></span> <span class='ocrx_word' id='word_1_49' title='bbox 85 1036 117 1092; x_wconf 93' lang='lat' dir='ltr'><strong>in</strong></span> <span class='ocrx_word' id='word_1_50' title='bbox 137 1044 252 1109; x_wconf 81' lang='lat' dir='ltr'><strong>mutato</strong></span> <span class='ocrx_word' id='word_1_51' title='bbox 271 1052 428 1097; x_wconf 78' lang='lat' dir='ltr'><strong>nervorum</strong></span> <span class='ocrx_word' id='word_1_52' title='bbox 444 1033 588 1091; x_wconf 87' lang='lat' dir='ltr'><strong>eilierium</strong></span> <span class='ocrx_word' id='word_1_53' title='bbox 604 1044 768 1112; x_wconf 72' lang='lat' dir='ltr'><strong>systemate</strong></span> <span class='ocrx_word' id='word_1_54' title='bbox 783 1038 908 1112; x_wconf 83' lang='lat' dir='ltr'><strong>potitam</strong></span> <span class='ocrx_word' id='word_1_55' title='bbox 925 1057 1001 1103; x_wconf 78' lang='lat' dir='ltr'><strong>eoae.</strong></span> 
     </span>
    </p>

    <p class='ocr_par' dir='ltr' id='par_1_3' title="bbox 10 1132 1124 1689">
     <span class='ocr_line' id='line_1_8' title="bbox 77 1132 1042 1213; baseline 0.006 -23"><span class='ocrx_word' id='word_1_56' title='bbox 77 1133 203 1191; x_wconf 82' lang='lat' dir='ltr'><strong>Aooedit</strong></span> <span class='ocrx_word' id='word_1_57' title='bbox 223 1134 329 1208; x_wconf 86' lang='lat' dir='ltr'><strong>etiam,</strong></span> <span class='ocrx_word' id='word_1_58' title='bbox 359 1132 453 1213; x_wconf 81' lang='lat' dir='ltr'><strong>quoti,</strong></span> <span class='ocrx_word' id='word_1_59' title='bbox 483 1133 510 1190; x_wconf 84' lang='lat' dir='ltr'><strong>ei</strong></span> <span class='ocrx_word' id='word_1_60' title='bbox 538 1133 657 1209; x_wconf 76' lang='lat' dir='ltr'><strong>insuper</strong></span> <span class='ocrx_word' id='word_1_61' title='bbox 677 1134 710 1192; x_wconf 88' lang='lat' dir='ltr'><strong>io</strong></span> <span class='ocrx_word' id='word_1_62' title='bbox 735 1133 924 1211; x_wconf 72' lang='lat' dir='ltr'><strong>disquirenda</strong></span> <span class='ocrx_word' id='word_1_63' title='bbox 943 1134 1042 1196; x_wconf 85' lang='lat' dir='ltr'><strong>bemo-</strong></span> 
     </span>
     <span class='ocr_line' id='line_1_9' title="bbox 12 1229 1041 1313; baseline 0.002 -21"><span class='ocrx_word' id='word_1_64' title='bbox 12 1233 122 1313; x_wconf 81' lang='lat' dir='ltr'><strong>a1opiae</strong></span> <span class='ocrx_word' id='word_1_65' title='bbox 143 1242 249 1291; x_wconf 89' lang='lat' dir='ltr'><strong>natura</strong></span> <span class='ocrx_word' id='word_1_66' title='bbox 265 1233 384 1292; x_wconf 80' lang='lat' dir='ltr'><strong>unitum</strong></span> <span class='ocrx_word' id='word_1_67' title='bbox 403 1229 478 1290; x_wconf 80' lang='lat' dir='ltr'><strong>illud</strong></span> <span class='ocrx_word' id='word_1_68' title='bbox 499 1248 669 1308; x_wconf 71' lang='lat' dir='ltr'>semperque</span> <span class='ocrx_word' id='word_1_69' title='bbox 688 1242 857 1310; x_wconf 86' lang='lat' dir='ltr'><strong>perpetuum</strong></span> <span class='ocrx_word' id='word_1_70' title='bbox 876 1233 1041 1297; x_wconf 85' lang='lat' dir='ltr'><strong>hemeralo·</strong></span> 
     </span>
     <span class='ocr_line' id='line_1_10' title="bbox 11 1329 1041 1411; baseline 0.003 -21"><span class='ocrx_word' id='word_1_71' title='bbox 11 1333 56 1392; x_wconf 86' lang='lat' dir='ltr'><strong>iae</strong></span> <span class='ocrx_word' id='word_1_72' title='bbox 77 1341 260 1409; x_wconf 79' lang='lat' dir='ltr'><strong>aymptoma,</strong></span> <span class='ocrx_word' id='word_1_73' title='bbox 287 1331 426 1411; x_wconf 76' lang='lat' dir='ltr'><strong>pupulam</strong></span> <span class='ocrx_word' id='word_1_74' title='bbox 449 1329 586 1408; x_wconf 88' lang='lat' dir='ltr'><strong>intelligo</strong></span> <span class='ocrx_word' id='word_1_75' title='bbox 614 1329 647 1389; x_wconf 87' lang='lat' dir='ltr'><strong>in</strong></span> <span class='ocrx_word' id='word_1_76' title='bbox 668 1331 797 1391; x_wconf 84' lang='lat' dir='ltr'><strong>tenebrie</strong></span> <span class='ocrx_word' id='word_1_77' title='bbox 824 1333 911 1392; x_wconf 87' lang='lat' dir='ltr'><strong>nimie</strong></span> <span class='ocrx_word' id='word_1_78' title='bbox 933 1334 1041 1393; x_wconf 83' lang='lat' dir='ltr'><strong>dilata·</strong></span> 
     </span>
     <span class='ocr_line' id='line_1_11' title="bbox 11 1424 1124 1506; baseline 0.004 -17"><span class='ocrx_word' id='word_1_79' title='bbox 11 1451 67 1506; x_wconf 78' lang='lat' dir='ltr'><strong>em,</strong></span> <span class='ocrx_word' id='word_1_80' title='bbox 96 1431 304 1506; x_wconf 80' lang='lat' dir='ltr'><strong>reepieiemue,</strong></span> <span class='ocrx_word' id='word_1_81' title='bbox 332 1437 363 1486; x_wconf 90' lang='lat' dir='ltr'><strong>et</strong></span> <span class='ocrx_word' id='word_1_82' title='bbox 385 1424 442 1486; x_wconf 89' lang='lat' dir='ltr'><strong>boe</strong></span> <span class='ocrx_word' id='word_1_83' title='bbox 463 1427 559 1504; x_wconf 76' lang='lat' dir='ltr'><strong>iprum</strong></span> <span class='ocrx_word' id='word_1_84' title='bbox 580 1446 619 1487; x_wconf 85' lang='lat' dir='ltr'><strong>ex</strong></span> <span class='ocrx_word' id='word_1_85' title='bbox 639 1437 752 1488; x_wconf 87' lang='lat' dir='ltr'><strong>mutato</strong></span> <span class='ocrx_word' id='word_1_86' title='bbox 772 1446 930 1493; x_wconf 85' lang='lat' dir='ltr'><strong>nervorum</strong></span> <span class='ocrx_word' id='word_1_87' title='bbox 951 1434 1040 1493; x_wconf 84' lang='lat' dir='ltr'><strong>eilia·</strong></span> <span class='ocrx_word' id='word_1_88' title='bbox 1120 1474 1124 1479; x_wconf 88' lang='lat'>-</span> 
     </span>
     <span class='ocr_line' id='line_1_12' title="bbox 10 1525 1040 1611; baseline 0.006 -25"><span class='ocrx_word' id='word_1_89' title='bbox 10 1530 65 1588; x_wconf 87' lang='lat' dir='ltr'><strong>ium</strong></span> <span class='ocrx_word' id='word_1_90' title='bbox 87 1538 246 1606; x_wconf 83' lang='lat' dir='ltr'><strong>ayetemate</strong></span> <span class='ocrx_word' id='word_1_91' title='bbox 269 1527 431 1605; x_wconf 79' lang='lat' dir='ltr'><strong>profertum</strong></span> <span class='ocrx_word' id='word_1_92' title='bbox 452 1544 517 1589; x_wconf 84' lang='lat' dir='ltr'><strong>eaae</strong></span> <span class='ocrx_word' id='word_1_93' title='bbox 539 1525 727 1587; x_wconf 75' lang='lat' dir='ltr'><strong>menffeetum</strong></span> <span class='ocrx_word' id='word_1_94' title='bbox 748 1537 811 1604; x_wconf 87' lang='lat' dir='ltr'><strong>eat,</strong></span> <span class='ocrx_word' id='word_1_95' title='bbox 834 1533 939 1610; x_wconf 82' lang='lat' dir='ltr'><strong>quippe</strong></span> <span class='ocrx_word' id='word_1_96' title='bbox 961 1531 1040 1611; x_wconf 75' lang='lat' dir='ltr'><strong>quod</strong></span> 
     </span>
     <span class='ocr_line' id='line_1_13' title="bbox 10 1625 548 1689; baseline -0.011 -2"><span class='ocrx_word' id='word_1_97' title='bbox 10 1631 86 1688; x_wconf 88' lang='lat' dir='ltr'><strong>olum</strong></span> <span class='ocrx_word' id='word_1_98' title='bbox 110 1626 149 1684; x_wconf 83' lang='lat' dir='ltr'><strong>ed</strong></span> <span class='ocrx_word' id='word_1_99' title='bbox 170 1627 274 1689; x_wconf 83' lang='lat' dir='ltr'><strong>iridem</strong></span> <span class='ocrx_word' id='word_1_100' title='bbox 295 1625 410 1683; x_wconf 80' lang='lat' dir='ltr'><strong>emittat</strong></span> <span class='ocrx_word' id='word_1_101' title='bbox 431 1641 548 1687; x_wconf 73' lang='lat' dir='ltr'><strong>nervos.</strong></span> 
     </span>
    </p>

    <p class='ocr_par' dir='ltr' id='par_1_4' title="bbox 71 1704 1039 1808">
     <span class='ocr_line' id='line_1_14' title="bbox 71 1704 1039 1808; baseline 0.004 -23"><span class='ocrx_word' id='word_1_102' title='bbox 71 1724 188 1785; x_wconf 79' lang='lat' dir='ltr'>Deinde</span> <span class='ocrx_word' id='word_1_103' title='bbox 207 1725 297 1783; x_wconf 91' lang='lat' dir='ltr'><strong>etiam</strong></span> <span class='ocrx_word' id='word_1_104' title='bbox 314 1732 461 1799; x_wconf 76' lang='lat' dir='ltr'><strong>tamquam</strong></span> <span class='ocrx_word' id='word_1_105' title='bbox 477 1714 585 1782; x_wconf 77' lang='lat' dir='ltr'><strong>norum</strong></span> <span class='ocrx_word' id='word_1_106' title='bbox 602 1723 688 1801; x_wconf 76' lang='lat' dir='ltr'><strong>buJua</strong></span> <span class='ocrx_word' id='word_1_107' title='bbox 706 1725 750 1785; x_wconf 92' lang='lat' dir='ltr'><strong>rei</strong></span> <span class='ocrx_word' id='word_1_108' title='bbox 768 1737 972 1808; x_wconf 70' lang='lat' dir='ltr'><strong>argumentum</strong></span> <span class='ocrx_word' id='word_1_109' title='bbox 983 1704 1039 1791; x_wconf 77' lang='lat' dir='ltr'><strong>¹eat</strong></span> 
     </span>
    </p>
   </div>
   <div class='ocr_carea' id='block_1_3' title="bbox 9 1818 1165 1905">
    <p class='ocr_par' dir='ltr' id='par_1_5' title="bbox 9 1818 1165 1905">
     <span class='ocr_line' id='line_1_15' title="bbox 9 1818 1165 1905; baseline -0.001 -20"><span class='ocrx_word' id='word_1_110' title='bbox 9 1825 74 1899; x_wconf 87' lang='lat' dir='ltr'><strong>lud,</strong></span> <span class='ocrx_word' id='word_1_111' title='bbox 94 1822 220 1903; x_wconf 81' lang='lat' dir='ltr'><strong>quadiu</strong></span> <span class='ocrx_word' id='word_1_112' title='bbox 242 1822 296 1879; x_wconf 87' lang='lat' dir='ltr'><strong>illo</strong></span> <span class='ocrx_word' id='word_1_113' title='bbox 313 1818 530 1898; x_wconf 87' lang='lat' dir='ltr'><strong>hemeralopiae</strong></span> <span class='ocrx_word' id='word_1_114' title='bbox 546 1838 656 1901; x_wconf 85' lang='lat' dir='ltr'><strong>genere</strong></span> <span class='ocrx_word' id='word_1_115' title='bbox 674 1822 710 1880; x_wconf 86' lang='lat' dir='ltr'><strong>ab</strong></span> <span class='ocrx_word' id='word_1_116' title='bbox 729 1829 875 1885; x_wconf 88' lang='lat' dir='ltr'><strong>amauroei</strong></span> <span class='ocrx_word' id='word_1_117' title='bbox 889 1828 1038 1905; x_wconf 80' lang='lat' dir='ltr'><strong>perioiiea</strong></span> <span class='ocrx_word' id='word_1_118' title='bbox 1157 1860 1165 1869; x_wconf 86' lang='lat'><strong>·</strong></span> 
     </span>
    </p>
   </div>
   <div class='ocr_carea' id='block_1_4' title="bbox 6 1920 1106 4281">
    <p class='ocr_par' dir='ltr' id='par_1_6' title="bbox 6 1920 1074 2985">
     <span class='ocr_line' id='line_1_16' title="bbox 9 1920 1074 2006; baseline 0 -23"><span class='ocrx_word' id='word_1_119' title='bbox 9 1923 151 2003; x_wconf 77' lang='lat' dir='ltr'><strong>onatitutu</strong></span> <span class='ocrx_word' id='word_1_120' title='bbox 166 1930 253 1998; x_wconf 78' lang='lat' dir='ltr'><strong>typut</strong></span> <span class='ocrx_word' id='word_1_121' title='bbox 265 1920 461 1981; x_wconf 71' lang='lat' dir='ltr'><strong>intermittens</strong></span> <span class='ocrx_word' id='word_1_122' title='bbox 472 1921 554 1994; x_wconf 75' lang='lat' dir='ltr'><strong>insit,</strong></span> <span class='ocrx_word' id='word_1_123' title='bbox 566 1939 632 1979; x_wconf 88' lang='lat' dir='ltr'><strong>eum</strong></span> <span class='ocrx_word' id='word_1_124' title='bbox 647 1929 736 1979; x_wconf 88' lang='lat' dir='ltr'><strong>noete</strong></span> <span class='ocrx_word' id='word_1_125' title='bbox 746 1922 917 1984; x_wconf 86' lang='lat' dir='ltr'><strong>imminente</strong></span> <span class='ocrx_word' id='word_1_126' title='bbox 929 1927 1038 2006; x_wconf 85' lang='lat' dir='ltr'><strong>gigna-</strong></span> <span class='ocrx_word' id='word_1_127' title='bbox 1072 1980 1074 1987; x_wconf 89' lang='grc'>,</span> 
     </span>
     <span class='ocr_line' id='line_1_17' title="bbox 8 2012 1046 2101; baseline 0.001 -19"><span class='ocrx_word' id='word_1_128' title='bbox 8 2042 44 2097; x_wconf 82' lang='lat' dir='ltr'><strong>rr,</strong></span> <span class='ocrx_word' id='word_1_129' title='bbox 63 2021 112 2080; x_wconf 79' lang='lat' dir='ltr'><strong>die</strong></span> <span class='ocrx_word' id='word_1_130' title='bbox 126 2038 197 2080; x_wconf 80' lang='lat' dir='ltr'><strong>vero</strong></span> <span class='ocrx_word' id='word_1_131' title='bbox 211 2018 295 2083; x_wconf 77' lang='lat' dir='ltr'><strong>derit.</strong></span> <span class='ocrx_word' id='word_1_132' title='bbox 315 2016 473 2095; x_wconf 76' lang='lat' dir='ltr'><strong>comperet</strong></span> <span class='ocrx_word' id='word_1_133' title='bbox 486 2017 580 2098; x_wconf 87' lang='lat' dir='ltr'><strong>igitur</strong></span> <span class='ocrx_word' id='word_1_134' title='bbox 592 2019 624 2075; x_wconf 92' lang='lat' dir='ltr'><strong>in</strong></span> <span class='ocrx_word' id='word_1_135' title='bbox 643 2016 700 2076; x_wconf 88' lang='lat' dir='ltr'><strong>boe</strong></span> <span class='ocrx_word' id='word_1_136' title='bbox 716 2038 825 2098; x_wconf 87' lang='lat' dir='ltr'><strong>genere</strong></span> <span class='ocrx_word' id='word_1_137' title='bbox 842 2031 931 2101; x_wconf 77' lang='lat' dir='ltr'><strong>typue</strong></span> <span class='ocrx_word' id='word_1_138' title='bbox 942 2012 1046 2083; x_wconf 64' lang='lat' dir='ltr'><strong>inter-i</strong></span> 
     </span>
     <span class='ocr_line' id='line_1_18' title="bbox 8 2114 1035 2197; baseline 0.001 -18"><span class='ocrx_word' id='word_1_139' title='bbox 8 2121 108 2180; x_wconf 81' lang='lat' dir='ltr'><strong>ittena</strong></span> <span class='ocrx_word' id='word_1_140' title='bbox 125 2115 324 2196; x_wconf 79' lang='lat' dir='ltr'><strong>quotidianae,</strong></span> <span class='ocrx_word' id='word_1_141' title='bbox 339 2115 383 2173; x_wconf 90' lang='lat' dir='ltr'><strong>ita</strong></span> <span class='ocrx_word' id='word_1_142' title='bbox 398 2115 525 2194; x_wconf 80' lang='lat' dir='ltr'><strong>quidem,</strong></span> <span class='ocrx_word' id='word_1_143' title='bbox 547 2125 581 2174; x_wconf 95' lang='lat' dir='ltr'><strong>ut</strong></span> <span class='ocrx_word' id='word_1_144' title='bbox 602 2114 665 2174; x_wconf 75' lang='lat' dir='ltr'><strong>dieo</strong></span> <span class='ocrx_word' id='word_1_145' title='bbox 681 2117 798 2197; x_wconf 79' lang='lat' dir='ltr'><strong>integer</strong></span> <span class='ocrx_word' id='word_1_146' title='bbox 813 2120 908 2179; x_wconf 86' lang='lat' dir='ltr'><strong>morbi</strong></span> <span class='ocrx_word' id='word_1_147' title='bbox 928 2123 1035 2180; x_wconf 85' lang='lat' dir='ltr'><strong>eireui·</strong></span> 
     </span>
     <span class='ocr_line' id='line_1_19' title="bbox 7 2213 1035 2296; baseline 0 -15"><span class='ocrx_word' id='word_1_148' title='bbox 7 2241 48 2280; x_wconf 86' lang='lat' dir='ltr'><strong>un</strong></span> <span class='ocrx_word' id='word_1_149' title='bbox 66 2218 286 2293; x_wconf 75' lang='lat' dir='ltr'><strong>compleotatur,</strong></span> <span class='ocrx_word' id='word_1_150' title='bbox 308 2231 374 2271; x_wconf 88' lang='lat' dir='ltr'><strong>eum</strong></span> <span class='ocrx_word' id='word_1_151' title='bbox 389 2213 436 2272; x_wconf 84' lang='lat' dir='ltr'><strong>die</strong></span> <span class='ocrx_word' id='word_1_152' title='bbox 454 2215 608 2292; x_wconf 84' lang='lat' dir='ltr'><strong>epyrexie,</strong></span> <span class='ocrx_word' id='word_1_153' title='bbox 629 2224 721 2274; x_wconf 87' lang='lat' dir='ltr'><strong>noetu</strong></span> <span class='ocrx_word' id='word_1_154' title='bbox 736 2234 929 2294; x_wconf 81' lang='lat' dir='ltr'><strong>paroxyamua</strong></span> <span class='ocrx_word' id='word_1_155' title='bbox 944 2237 1035 2296; x_wconf 86' lang='lat' dir='ltr'><strong>eppa·</strong></span> 
     </span>
     <span class='ocr_line' id='line_1_20' title="bbox 7 2311 1033 2394; baseline -0.003 -16"><span class='ocrx_word' id='word_1_156' title='bbox 7 2329 58 2381; x_wconf 82' lang='lat' dir='ltr'><strong>eat.</strong></span> <span class='ocrx_word' id='word_1_157' title='bbox 82 2317 213 2393; x_wconf 79' lang='lat' dir='ltr'><strong>Aeeepta</strong></span> <span class='ocrx_word' id='word_1_158' title='bbox 227 2313 320 2392; x_wconf 90' lang='lat' dir='ltr'><strong>igitur</strong></span> <span class='ocrx_word' id='word_1_159' title='bbox 336 2313 506 2388; x_wconf 85' lang='lat' dir='ltr'><strong>eonjeotura</strong></span> <span class='ocrx_word' id='word_1_160' title='bbox 522 2311 676 2372; x_wconf 75' lang='lat' dir='ltr'><strong>admodum</strong></span> <span class='ocrx_word' id='word_1_161' title='bbox 691 2312 845 2389; x_wconf 76' lang='lat' dir='ltr'><strong>probabili,</strong></span> <span class='ocrx_word' id='word_1_162' title='bbox 859 2320 962 2394; x_wconf 80' lang='lat' dir='ltr'><strong>typum</strong></span> <span class='ocrx_word' id='word_1_163' title='bbox 973 2318 1033 2375; x_wconf 84' lang='lat' dir='ltr'><strong>aoi-</strong></span> 
     </span>
     <span class='ocr_line' id='line_1_21' title="bbox 7 2409 1033 2487; baseline -0.003 -11"><span class='ocrx_word' id='word_1_164' title='bbox 7 2427 54 2476; x_wconf 89' lang='lat' dir='ltr'><strong>eet</strong></span> <span class='ocrx_word' id='word_1_165' title='bbox 69 2415 315 2475; x_wconf 85' lang='lat' dir='ltr'><strong>intermittentem</strong></span> <span class='ocrx_word' id='word_1_166' title='bbox 328 2409 451 2468; x_wconf 78' lang='lat' dir='ltr'><strong>nunniti</strong></span> <span class='ocrx_word' id='word_1_167' title='bbox 466 2412 499 2473; x_wconf 90' lang='lat' dir='ltr'><strong>in</strong></span> <span class='ocrx_word' id='word_1_168' title='bbox 509 2411 618 2471; x_wconf 84' lang='lat' dir='ltr'><strong>morbia</strong></span> <span class='ocrx_word' id='word_1_169' title='bbox 633 2413 802 2487; x_wconf 81' lang='lat' dir='ltr'><strong>ayotematia</strong></span> <span class='ocrx_word' id='word_1_170' title='bbox 812 2430 971 2473; x_wconf 84' lang='lat' dir='ltr'><strong>nervorum</strong></span> <span class='ocrx_word' id='word_1_171' title='bbox 980 2432 1033 2473; x_wconf 87' lang='lat' dir='ltr'><strong>ve-</strong></span> 
     </span>
     <span class='ocr_line' id='line_1_22' title="bbox 6 2507 1032 2589; baseline -0.004 -14"><span class='ocrx_word' id='word_1_172' title='bbox 6 2516 184 2575; x_wconf 83' lang='lat' dir='ltr'><strong>etativorum</strong></span> <span class='ocrx_word' id='word_1_173' title='bbox 200 2511 339 2584; x_wconf 74' lang='lat' dir='ltr'><strong>existere,</strong></span> <span class='ocrx_word' id='word_1_174' title='bbox 356 2525 418 2567; x_wconf 85' lang='lat' dir='ltr'><strong>non</strong></span> <span class='ocrx_word' id='word_1_175' title='bbox 434 2528 600 2586; x_wconf 82' lang='lat' dir='ltr'><strong>pueaumua,</strong></span> <span class='ocrx_word' id='word_1_176' title='bbox 618 2510 690 2586; x_wconf 78' lang='lat' dir='ltr'><strong>quio</strong></span> <span class='ocrx_word' id='word_1_177' title='bbox 700 2510 732 2589; x_wconf 86' lang='lat' dir='ltr'><strong>in</strong></span> <span class='ocrx_word' id='word_1_178' title='bbox 742 2507 797 2568; x_wconf 85' lang='lat' dir='ltr'><strong>hoe</strong></span> <span class='ocrx_word' id='word_1_179' title='bbox 807 2527 922 2588; x_wconf 83' lang='lat' dir='ltr'><strong>quoque</strong></span> <span class='ocrx_word' id='word_1_180' title='bbox 932 2509 1032 2573; x_wconf 83' lang='lat' dir='ltr'><strong>beroe·</strong></span> 
     </span>
     <span class='ocr_line' id='line_1_23' title="bbox 6 2596 1033 2691; baseline -0.004 -18"><span class='ocrx_word' id='word_1_181' title='bbox 6 2613 118 2690; x_wconf 80' lang='lat' dir='ltr'><strong>alopiae</strong></span> <span class='ocrx_word' id='word_1_182' title='bbox 134 2627 260 2691; x_wconf 78' lang='lat' dir='ltr'><strong>genere,</strong></span> <span class='ocrx_word' id='word_1_183' title='bbox 281 2596 364 2684; x_wconf 81' lang='lat' dir='ltr'><strong>eujua</strong></span> <span class='ocrx_word' id='word_1_184' title='bbox 384 2614 473 2683; x_wconf 74' lang='lat' dir='ltr'><strong>typus</strong></span> <span class='ocrx_word' id='word_1_185' title='bbox 490 2625 577 2684; x_wconf 83' lang='lat' dir='ltr'><strong>quem</strong></span> <span class='ocrx_word' id='word_1_186' title='bbox 593 2608 824 2666; x_wconf 78' lang='lat' dir='ltr'><strong>luculentiaaime</strong></span> <span class='ocrx_word' id='word_1_187' title='bbox 845 2619 965 2687; x_wconf 86' lang='lat' dir='ltr'><strong>apparet</strong></span> <span class='ocrx_word' id='word_1_188' title='bbox 985 2611 1033 2669; x_wconf 87' lang='lat' dir='ltr'><strong>iu·</strong></span> 
     </span>
     <span class='ocr_line' id='line_1_24' title="bbox 6 2704 1033 2787; baseline -0.001 -16"><span class='ocrx_word' id='word_1_189' title='bbox 6 2713 163 2783; x_wconf 86' lang='lat' dir='ltr'><strong>umittena,</strong></span> <span class='ocrx_word' id='word_1_190' title='bbox 185 2720 284 2767; x_wconf 88' lang='lat' dir='ltr'><strong>retum</strong></span> <span class='ocrx_word' id='word_1_191' title='bbox 300 2725 365 2765; x_wconf 84' lang='lat' dir='ltr'><strong>eeae</strong></span> <span class='ocrx_word' id='word_1_192' title='bbox 380 2704 552 2783; x_wconf 70' lang='grc' dir='ltr'>ιἰιΙιοιιιιιιι,</span> <span class='ocrx_word' id='word_1_193' title='bbox 576 2712 610 2764; x_wconf 95' lang='lat' dir='ltr'><strong>ut</strong></span> <span class='ocrx_word' id='word_1_194' title='bbox 626 2722 781 2765; x_wconf 85' lang='lat' dir='ltr'><strong>nervorum</strong></span> <span class='ocrx_word' id='word_1_195' title='bbox 797 2710 1033 2787; x_wconf 80' lang='lat' dir='ltr'><strong>vegetativorum</strong></span> 
     </span>
     <span class='ocr_line' id='line_1_25' title="bbox 6 2802 1031 2886; baseline -0.002 -17"><span class='ocrx_word' id='word_1_196' title='bbox 6 2820 123 2881; x_wconf 75' lang='lat' dir='ltr'><strong>meme,</strong></span> <span class='ocrx_word' id='word_1_197' title='bbox 133 2806 186 2867; x_wconf 84' lang='lat' dir='ltr'><strong>aab</strong></span> <span class='ocrx_word' id='word_1_198' title='bbox 197 2804 254 2866; x_wconf 85' lang='lat' dir='ltr'><strong>hee</strong></span> <span class='ocrx_word' id='word_1_199' title='bbox 263 2802 357 2886; x_wconf 83' lang='lat' dir='ltr'><strong>igitur</strong></span> <span class='ocrx_word' id='word_1_200' title='bbox 367 2803 535 2863; x_wconf 82' lang='lat' dir='ltr'><strong>eonditione</strong></span> <span class='ocrx_word' id='word_1_201' title='bbox 545 2822 655 2862; x_wconf 79' lang='lat' dir='ltr'><strong>nervua</strong></span> <span class='ocrx_word' id='word_1_202' title='bbox 666 2804 798 2881; x_wconf 83' lang='lat' dir='ltr'><strong>quintae,</strong></span> <span class='ocrx_word' id='word_1_203' title='bbox 809 2806 858 2862; x_wconf 84' lang='lat' dir='ltr'><strong>vel</strong></span> <span class='ocrx_word' id='word_1_204' title='bbox 869 2815 902 2865; x_wconf 91' lang='lat' dir='ltr'><strong>ut</strong></span> <span class='ocrx_word' id='word_1_205' title='bbox 912 2805 949 2864; x_wconf 78' lang='lat' dir='ltr'><strong>ab</strong></span> <span class='ocrx_word' id='word_1_206' title='bbox 959 2825 1031 2867; x_wconf 87' lang='lat' dir='ltr'><strong>oeu-</strong></span> 
     </span>
     <span class='ocr_line' id='line_1_26' title="bbox 6 2902 996 2985; baseline -0.004 -17"><span class='ocrx_word' id='word_1_207' title='bbox 6 2929 41 2968; x_wconf 88' lang='lat' dir='ltr'><strong>uo</strong></span> <span class='ocrx_word' id='word_1_208' title='bbox 58 2909 155 2985; x_wconf 81' lang='lat' dir='ltr'><strong>iprum</strong></span> <span class='ocrx_word' id='word_1_209' title='bbox 171 2905 373 2982; x_wconf 86' lang='lat' dir='ltr'><strong>reapieiamua,</strong></span> <span class='ocrx_word' id='word_1_210' title='bbox 390 2919 545 2961; x_wconf 82' lang='lat' dir='ltr'><strong>nervorum</strong></span> <span class='ocrx_word' id='word_1_211' title='bbox 564 2902 709 2960; x_wconf 87' lang='lat' dir='ltr'><strong>eiliarium</strong></span> <span class='ocrx_word' id='word_1_212' title='bbox 725 2912 855 2980; x_wconf 82' lang='lat' dir='ltr'><strong>oyatema</strong></span> <span class='ocrx_word' id='word_1_213' title='bbox 871 2903 996 2969; x_wconf 85' lang='lat' dir='ltr'><strong>laboret.</strong></span> 
     </span>
    </p>

    <p class='ocr_par' dir='ltr' id='par_1_7' title="bbox 6 2998 1106 3379">
     <span class='ocr_line' id='line_1_27' title="bbox 65 2998 1031 3084; baseline -0.003 -18"><span class='ocrx_word' id='word_1_214' title='bbox 65 3005 198 3082; x_wconf 76' lang='lat' dir='ltr'><strong>Apparet</strong></span> <span class='ocrx_word' id='word_1_215' title='bbox 218 3004 311 3084; x_wconf 85' lang='lat' dir='ltr'><strong>igitur</strong></span> <span class='ocrx_word' id='word_1_216' title='bbox 328 2999 516 3079; x_wconf 87' lang='lat' dir='ltr'><strong>eomprobata</strong></span> <span class='ocrx_word' id='word_1_217' title='bbox 534 2998 590 3059; x_wconf 89' lang='lat' dir='ltr'><strong>bae</strong></span> <span class='ocrx_word' id='word_1_218' title='bbox 609 3001 846 3078; x_wconf 71' lang='lat' dir='ltr'><strong>ratiocinatione,</strong></span> <span class='ocrx_word' id='word_1_219' title='bbox 866 2999 1031 3073; x_wconf 85' lang='lat' dir='ltr'><strong>berneralo·</strong></span> 
     </span>
     <span class='ocr_line' id='line_1_28' title="bbox 6 3100 1106 3178; baseline -0.003 -13"><span class='ocrx_word' id='word_1_220' title='bbox 6 3123 59 3165; x_wconf 86' lang='lat' dir='ltr'><strong>am</strong></span> <span class='ocrx_word' id='word_1_221' title='bbox 81 3102 268 3175; x_wconf 69' lang='lat' dir='ltr'><strong>indeantam</strong></span> <span class='ocrx_word' id='word_1_222' title='bbox 289 3119 371 3175; x_wconf 78' lang='lat' dir='ltr'><strong>aeae,</strong></span> <span class='ocrx_word' id='word_1_223' title='bbox 398 3100 477 3178; x_wconf 78' lang='lat' dir='ltr'><strong>quod</strong></span> <span class='ocrx_word' id='word_1_224' title='bbox 498 3108 627 3177; x_wconf 80' lang='lat' dir='ltr'><strong>ayeteme</strong></span> <span class='ocrx_word' id='word_1_225' title='bbox 646 3117 802 3161; x_wconf 79' lang='lat' dir='ltr'><strong>nervorum</strong></span> <span class='ocrx_word' id='word_1_226' title='bbox 820 3101 964 3163; x_wconf 85' lang='lat' dir='ltr'><strong>oilierium</strong></span> <span class='ocrx_word' id='word_1_227' title='bbox 984 3105 1030 3162; x_wconf 85' lang='lat' dir='ltr'><strong>la·</strong></span> <span class='ocrx_word' id='word_1_228' title='bbox 1103 3145 1106 3151; x_wconf 71' lang='lat'><strong>,</strong></span> 
     </span>
     <span class='ocr_line' id='line_1_29' title="bbox 6 3198 1030 3278; baseline -0.001 -15"><span class='ocrx_word' id='word_1_229' title='bbox 6 3211 75 3266; x_wconf 75' lang='lat' dir='ltr'><strong>oret.</strong></span> <span class='ocrx_word' id='word_1_230' title='bbox 121 3200 217 3269; x_wconf 76' lang='lat' dir='ltr'><strong>unere</strong></span> <span class='ocrx_word' id='word_1_231' title='bbox 237 3207 334 3263; x_wconf 81' lang='lat' dir='ltr'><strong>reetat</strong></span> <span class='ocrx_word' id='word_1_232' title='bbox 354 3206 485 3274; x_wconf 83' lang='lat' dir='ltr'><strong>tantum,</strong></span> <span class='ocrx_word' id='word_1_233' title='bbox 506 3207 541 3257; x_wconf 89' lang='lat' dir='ltr'><strong>ut</strong></span> <span class='ocrx_word' id='word_1_234' title='bbox 561 3198 770 3278; x_wconf 82' lang='lat' dir='ltr'><strong>diequiramue,</strong></span> <span class='ocrx_word' id='word_1_235' title='bbox 797 3200 893 3278; x_wconf 83' lang='lat' dir='ltr'><strong>qualia</strong></span> <span class='ocrx_word' id='word_1_236' title='bbox 914 3201 955 3261; x_wconf 85' lang='lat' dir='ltr'><strong>ait</strong></span> <span class='ocrx_word' id='word_1_237' title='bbox 974 3200 1030 3262; x_wconf 90' lang='lat' dir='ltr'><strong>hu·</strong></span> 
     </span>
     <span class='ocr_line' id='line_1_30' title="bbox 6 3284 804 3379; baseline -0.008 -16"><span class='ocrx_word' id='word_1_238' title='bbox 6 3322 24 3363; x_wconf 86' lang='lat' dir='ltr'><strong>a</strong></span> <span class='ocrx_word' id='word_1_239' title='bbox 47 3298 217 3360; x_wconf 77' lang='lat' dir='ltr'><strong>affeetionia</strong></span> <span class='ocrx_word' id='word_1_240' title='bbox 240 3302 380 3379; x_wconf 83' lang='lat' dir='ltr'><strong>natura.&#39;</strong></span> <span class='ocrx_word' id='word_1_241' title='bbox 800 3284 804 3293; x_wconf 46' lang='lat'><strong><em>⁵</em></strong></span> 
     </span>
    </p>

    <p class='ocr_par' dir='ltr' id='par_1_8' title="bbox 6 3395 1032 4281">
     <span class='ocr_line' id='line_1_31' title="bbox 65 3395 1028 3475; baseline -0.001 -16"><span class='ocrx_word' id='word_1_242' title='bbox 65 3396 105 3459; x_wconf 88' lang='lat' dir='ltr'><strong>ln</strong></span> <span class='ocrx_word' id='word_1_243' title='bbox 127 3395 327 3472; x_wconf 84' lang='lat' dir='ltr'><strong>bemeraiopia</strong></span> <span class='ocrx_word' id='word_1_244' title='bbox 343 3404 442 3459; x_wconf 76' lang='lat' dir='ltr'><strong>eutem</strong></span> <span class='ocrx_word' id='word_1_245' title='bbox 459 3396 657 3474; x_wconf 78' lang='lat' dir='ltr'><strong>erepueeulari</strong></span> <span class='ocrx_word' id='word_1_246' title='bbox 679 3414 744 3454; x_wconf 87' lang='lat' dir='ltr'><strong>enm</strong></span> <span class='ocrx_word' id='word_1_247' title='bbox 762 3396 910 3475; x_wconf 84' lang='lat' dir='ltr'><strong>integram</strong></span> <span class='ocrx_word' id='word_1_248' title='bbox 924 3396 1028 3474; x_wconf 78' lang='lat' dir='ltr'><strong>depre-</strong></span> 
     </span>
     <span class='ocr_line' id='line_1_32' title="bbox 6 3492 1029 3571; baseline -0.001 -13"><span class='ocrx_word' id='word_1_249' title='bbox 6 3499 144 3559; x_wconf 75' lang='lat' dir='ltr'><strong>tntiamua</strong></span> <span class='ocrx_word' id='word_1_250' title='bbox 155 3495 468 3568; x_wconf 77' lang='lat' dir='ltr'><strong>videudiieeultatem,</strong></span> <span class='ocrx_word' id='word_1_251' title='bbox 483 3494 625 3571; x_wconf 81' lang='lat' dir='ltr'><strong>aiquidem</strong></span> <span class='ocrx_word' id='word_1_252' title='bbox 642 3492 787 3551; x_wconf 73' lang='lat' dir='ltr'><strong>sufficient</strong></span> <span class='ocrx_word' id='word_1_253' title='bbox 805 3494 966 3555; x_wconf 86' lang='lat' dir='ltr'><strong>adaitluoie</strong></span> <span class='ocrx_word' id='word_1_254' title='bbox 978 3517 1029 3557; x_wconf 87' lang='lat' dir='ltr'><strong>oo-</strong></span> 
     </span>
     <span class='ocr_line' id='line_1_33' title="bbox 6 3592 1027 3675; baseline -0.004 -18"><span class='ocrx_word' id='word_1_255' title='bbox 6 3618 33 3675; x_wconf 86' lang='lat' dir='ltr'><strong>a,</strong></span> <span class='ocrx_word' id='word_1_256' title='bbox 45 3607 81 3657; x_wconf 92' lang='lat' dir='ltr'><strong>et</strong></span> <span class='ocrx_word' id='word_1_257' title='bbox 98 3595 242 3654; x_wconf 79' lang='lat' dir='ltr'><strong>defeetum</strong></span> <span class='ocrx_word' id='word_1_258' title='bbox 253 3604 369 3652; x_wconf 89' lang='lat' dir='ltr'><strong>tentum</strong></span> <span class='ocrx_word' id='word_1_259' title='bbox 385 3596 477 3665; x_wconf 84' lang='lat' dir='ltr'><strong>viaue,</strong></span> <span class='ocrx_word' id='word_1_260' title='bbox 488 3592 613 3650; x_wconf 84' lang='lat' dir='ltr'><strong>relativa</strong></span> <span class='ocrx_word' id='word_1_261' title='bbox 629 3596 691 3671; x_wconf 86' lang='lat' dir='ltr'><strong>ejue</strong></span> <span class='ocrx_word' id='word_1_262' title='bbox 709 3593 818 3668; x_wconf 88' lang='lat' dir='ltr'><strong>inopie,</strong></span> <span class='ocrx_word' id='word_1_263' title='bbox 829 3602 962 3669; x_wconf 87' lang='lat' dir='ltr'><strong>apertum</strong></span> <span class='ocrx_word' id='word_1_264' title='bbox 971 3605 1027 3671; x_wconf 85' lang='lat' dir='ltr'><strong>eat,</strong></span> 
     </span>
     <span class='ocr_line' id='line_1_34' title="bbox 7 3688 1027 3773; baseline -0.003 -17"><span class='ocrx_word' id='word_1_265' title='bbox 7 3698 54 3756; x_wconf 84' lang='lat' dir='ltr'><strong>eia</strong></span> <span class='ocrx_word' id='word_1_266' title='bbox 83 3692 229 3752; x_wconf 74' lang='lat' dir='ltr'><strong>deiectum</strong></span> <span class='ocrx_word' id='word_1_267' title='bbox 245 3692 378 3751; x_wconf 84' lang='lat' dir='ltr'><strong>morbum</strong></span> <span class='ocrx_word' id='word_1_268' title='bbox 396 3708 564 3766; x_wconf 84' lang='lat' dir='ltr'><strong>provocare.</strong></span> <span class='ocrx_word' id='word_1_269' title='bbox 609 3688 681 3750; x_wconf 82' lang='lat' dir='ltr'><strong>Cum</strong></span> <span class='ocrx_word' id='word_1_270' title='bbox 704 3692 800 3750; x_wconf 86' lang='lat' dir='ltr'><strong>retina</strong></span> <span class='ocrx_word' id='word_1_271' title='bbox 821 3691 862 3748; x_wconf 83' lang='lat' dir='ltr'><strong>tit</strong></span> <span class='ocrx_word' id='word_1_272' title='bbox 883 3709 1027 3773; x_wconf 86' lang='lat' dir='ltr'><strong>organon,</strong></span> 
     </span>
     <span class='ocr_line' id='line_1_35' title="bbox 6 3789 1027 3867; baseline -0.004 -11"><span class='ocrx_word' id='word_1_273' title='bbox 6 3796 57 3856; x_wconf 77' lang='lat' dir='ltr'><strong>uod</strong></span> <span class='ocrx_word' id='word_1_274' title='bbox 68 3793 145 3853; x_wconf 82' lang='lat' dir='ltr'><strong>luoia</strong></span> <span class='ocrx_word' id='word_1_275' title='bbox 162 3789 297 3851; x_wconf 74' lang='lat' dir='ltr'><strong>effectum</strong></span> <span class='ocrx_word' id='word_1_276' title='bbox 315 3790 455 3866; x_wconf 78' lang='lat' dir='ltr'><strong>excipiet,</strong></span> <span class='ocrx_word' id='word_1_277' title='bbox 472 3808 594 3867; x_wconf 81' lang='lat' dir='ltr'><strong>eumque</strong></span> <span class='ocrx_word' id='word_1_278' title='bbox 612 3789 668 3848; x_wconf 89' lang='lat' dir='ltr'><strong>bae</strong></span> <span class='ocrx_word' id='word_1_279' title='bbox 685 3793 759 3850; x_wconf 82' lang='lat' dir='ltr'><strong>tatia</strong></span> <span class='ocrx_word' id='word_1_280' title='bbox 778 3789 907 3847; x_wconf 78' lang='lat' dir='ltr'><strong>excitata</strong></span> <span class='ocrx_word' id='word_1_281' title='bbox 920 3808 1027 3852; x_wconf 86' lang='lat' dir='ltr'><strong>nervo·</strong></span> 
     </span>
     <span class='ocr_line' id='line_1_36' title="bbox 6 3887 1027 3966; baseline -0.004 -12"><span class='ocrx_word' id='word_1_282' title='bbox 6 3913 40 3954; x_wconf 87' lang='lat' dir='ltr'><strong>m</strong></span> <span class='ocrx_word' id='word_1_283' title='bbox 59 3892 150 3950; x_wconf 78' lang='lat' dir='ltr'><strong>timul</strong></span> <span class='ocrx_word' id='word_1_284' title='bbox 166 3890 312 3949; x_wconf 85' lang='lat' dir='ltr'><strong>eiliarium</strong></span> <span class='ocrx_word' id='word_1_285' title='bbox 327 3897 459 3966; x_wconf 85' lang='lat' dir='ltr'><strong>eyetema</strong></span> <span class='ocrx_word' id='word_1_286' title='bbox 476 3889 518 3947; x_wconf 88' lang='lat' dir='ltr'><strong>ita</strong></span> <span class='ocrx_word' id='word_1_287' title='bbox 535 3890 721 3964; x_wconf 86' lang='lat' dir='ltr'><strong>impellatur,</strong></span> <span class='ocrx_word' id='word_1_288' title='bbox 744 3897 779 3946; x_wconf 88' lang='lat' dir='ltr'><strong>ut</strong></span> <span class='ocrx_word' id='word_1_289' title='bbox 795 3887 915 3947; x_wconf 80' lang='lat' dir='ltr'><strong>videndi</strong></span> <span class='ocrx_word' id='word_1_290' title='bbox 932 3891 1027 3950; x_wconf 85' lang='lat' dir='ltr'><strong>aetio·</strong></span> 
     </span>
     <span class='ocr_line' id='line_1_37' title="bbox 6 3984 1029 4068; baseline 0 -20"><span class='ocrx_word' id='word_1_291' title='bbox 6 4013 45 4053; x_wconf 75' lang='lat' dir='ltr'><strong>nn</strong></span> <span class='ocrx_word' id='word_1_292' title='bbox 63 3987 208 4067; x_wconf 75' lang='lat' dir='ltr'><strong>perfinire,</strong></span> <span class='ocrx_word' id='word_1_293' title='bbox 228 3988 378 4068; x_wconf 74' lang='lat' dir='ltr'><strong>requitur,</strong></span> <span class='ocrx_word' id='word_1_294' title='bbox 400 3988 516 4066; x_wconf 80' lang='lat' dir='ltr'><strong>quando</strong></span> <span class='ocrx_word' id='word_1_295' title='bbox 538 3988 669 4051; x_wconf 78' lang='lat' dir='ltr'><strong>invalida</strong></span> <span class='ocrx_word' id='word_1_296' title='bbox 688 3988 741 4045; x_wconf 87' lang='lat' dir='ltr'><strong>lux</strong></span> <span class='ocrx_word' id='word_1_297' title='bbox 760 3984 818 4044; x_wconf 89' lang='lat' dir='ltr'><strong>hoe</strong></span> <span class='ocrx_word' id='word_1_298' title='bbox 834 4006 895 4047; x_wconf 88' lang='lat' dir='ltr'><strong>non</strong></span> <span class='ocrx_word' id='word_1_299' title='bbox 912 3987 1029 4067; x_wconf 80' lang='lat' dir='ltr'><strong>efficiat,</strong></span> 
     </span>
     <span class='ocr_line' id='line_1_38' title="bbox 6 4085 1032 4167; baseline -0.005 -18"><span class='ocrx_word' id='word_1_300' title='bbox 6 4101 26 4150; x_wconf 85' lang='grc' dir='ltr'><strong>ιι</strong></span> <span class='ocrx_word' id='word_1_301' title='bbox 53 4087 171 4153; x_wconf 85' lang='lat' dir='ltr'><strong>retiuae</strong></span> <span class='ocrx_word' id='word_1_302' title='bbox 193 4087 427 4166; x_wconf 83' lang='lat' dir='ltr'><strong>reoeptivitetem</strong></span> <span class='ocrx_word' id='word_1_303' title='bbox 454 4104 520 4146; x_wconf 86' lang='lat' dir='ltr'><strong>eeee</strong></span> <span class='ocrx_word' id='word_1_304' title='bbox 546 4086 729 4147; x_wconf 87' lang='lat' dir='ltr'><strong>imminutam</strong></span> <span class='ocrx_word' id='word_1_305' title='bbox 750 4094 803 4144; x_wconf 88' lang='lat' dir='ltr'><strong>eut</strong></span> <span class='ocrx_word' id='word_1_306' title='bbox 823 4085 901 4142; x_wconf 82' lang='lat' dir='ltr'><strong>viret</strong></span> <span class='ocrx_word' id='word_1_307' title='bbox 921 4086 1032 4167; x_wconf 83' lang='lat' dir='ltr'><strong>organi</strong></span> 
     </span>
     <span class='ocr_line' id='line_1_39' title="bbox 6 4174 984 4281; baseline -0.003 -33"><span class='ocrx_word' id='word_1_308' title='bbox 6 4189 45 4249; x_wconf 75' lang='lat' dir='ltr'><strong>uie</strong></span> <span class='ocrx_word' id='word_1_309' title='bbox 67 4174 196 4272; x_wconf 62' lang='lat' dir='ltr'><strong>oppag&#39;iti</strong></span> <span class='ocrx_word' id='word_1_310' title='bbox 214 4184 243 4249; x_wconf 83' lang='lat' dir='ltr'><strong>b.</strong></span> <span class='ocrx_word' id='word_1_311' title='bbox 261 4205 287 4249; x_wconf 89' lang='lat' dir='ltr'><strong>e.</strong></span> <span class='ocrx_word' id='word_1_312' title='bbox 310 4186 478 4265; x_wconf 77' lang='lat' dir='ltr'><strong>eyetematia</strong></span> <span class='ocrx_word' id='word_1_313' title='bbox 495 4202 651 4247; x_wconf 83' lang='lat' dir='ltr'><strong>nervorum</strong></span> <span class='ocrx_word' id='word_1_314' title='bbox 672 4185 817 4245; x_wconf 86' lang='lat' dir='ltr'><strong>ciliarium</strong></span> <span class='ocrx_word' id='word_1_315' title='bbox 836 4183 984 4281; x_wconf 64' lang='lat' dir='ltr'><strong>adauetaa,</strong></span> 
     </span>
    </p>
   </div>
   <div class='ocr_carea' id='block_1_5' title="bbox 0 0 1338 4946">
    <p class='ocr_par' dir='ltr' id='par_1_9' title="bbox 0 0 1338 4946">
     <span class='ocr_line' id='line_1_40' title="bbox 0 0 1338 4946; baseline 0 2"><span class='ocrx_word' id='word_1_316' title='bbox 0 0 1338 4946; x_wconf 95' lang='lat' dir='ltr'><strong> </strong></span> 
     </span>
    </p>
   </div>
  </div>
 </body>
</html>
