2728 4960
262 418 334 487 188
453 398 577 473 Hosr
613 414 673 464 nn
704 413 965 473 -τιιιιιιιιει
999 412 1101 470 nnc

258 598 324 661 que
349 579 567 657 reperiantur:
600 577 784 659 quinimo,
813 593 850 634 ex
876 586 969 651 parte
994 568 1113 633 medici
1140 572 1299 655 frequens

254 669 412 748 firmaque
447 665 563 728 horum
591 651 779 729 morborum
809 664 992 728 observatio
1023 667 1218 744 requiritur,
1255 685 1300 724 ne

253 761 311 823 illa
339 759 592 839 praetervideat,
625 772 656 817 et
688 762 797 837 potius
825 776 863 818 ex
888 751 1151 818 inflatumauonir
1181 756 1302 821 indole

252 852 318 917 boe
336 853 457 917 malum
477 854 660 931 praesagire
679 848 795 908 valeat.

329 943 525 1014 Methodus,
546 962 611 1021 qua
630 941 686 1001 illa
700 941 802 1004 oeulis
822 945 939 1001 nostris
961 943 1084 1020 optime
1100 938 1299 1019 offeruntur,

252 1057 395 1119 sequens
419 1049 483 1095 est:
518 1033 649 1109 oculus,
676 1039 724 1097 uti
750 1038 785 1094 in
811 1048 895 1095 statu
922 1033 1061 1092 normali
1078 1025 1302 1105 ,communiter

252 1129 323 1192 lieri
343 1130 437 1200 solet,
458 1133 617 1207 aperitur,
639 1142 670 1186 et
691 1125 846 1206 palpebra
864 1125 1001 1185 inferior
1020 1124 1142 1197 blande
1162 1125 1302 1188 abduci·

252 1235 323 1293 tur,
353 1220 411 1280 ubi
431 1214 503 1279 cilia
529 1218 676 1302 lacrymis
704 1221 843 1296 copiosis
871 1216 1003 1277 oculum
1029 1222 1187 1287 continuo
1214 1224 1300 1282 irro-

251 1310 400 1375 rantibus
431 1315 581 1373 immersa
613 1315 648 1371 in
684 1321 892 1386 conspectum
924 1313 1071 1372 veniunt.
1123 1312 1160 1370 Si
1186 1326 1300 1379 antem

251 1423 365 1484 margo
390 1401 568 1482 palpebrae
600 1405 695 1462 nimis
730 1401 937 1480 deprimitur,
979 1407 1023 1463 ita
1056 1415 1094 1461 ιιι
1124 1403 1181 1464 illa
1207 1419 1301 1465 extra

252 1493 348 1570 hujus
369 1491 512 1553 humoris
531 1490 700 1570 sphaeram
721 1508 968 1566 removeantur,
995 1492 1301 1556 observantissimi

252 1606 322 1647 sese
342 1584 546 1659 subducunt,
568 1586 611 1647 ob
633 1590 824 1647 tenuitatem
842 1605 934 1644 snam
951 1584 1177 1659 conjunctivae
1196 1606 1300 1664 quam

250 1682 399 1758 proxime
420 1676 632 1757 adaptantur,
661 1694 694 1738 et
714 1677 850 1739 limbum
869 1683 1034 1747 internum
1055 1675 1269 1737 circumdant.

325 1769 383 1830 Ast
409 1768 540 1828 illorum
569 1785 724 1831 structura
754 1788 825 1828 non
846 1787 973 1847 semper
995 1766 1110 1827 eadem
1137 1773 1300 1831 teneritu-

250 1860 332 1920 dine
353 1875 386 1920 et
404 1857 604 1921 flexibilitate
624 1861 755 1942 gaudet.
804 1859 1056 1921 Circumstantiis
1078 1865 1164 1919 enim
1183 1861 1299 1923 faven-

251 1951 356 2024 tibus,
389 1950 553 2011 interdum
582 1952 679 2012 talem
704 1949 904 2023 firmitatem,
933 1971 970 2010 ac
991 1955 1163 2015 crassitiem
1184 1959 1300 2037 acqui

251 2058 346 2117 runt,
373 2056 410 2103 nt
428 2047 523 2104 situm
545 2044 825 2126 directionemque
846 2042 983 2102 eundem
1004 2063 1132 2121 semper
1150 2052 1300 2106 retinen

250 2142 294 2198 tia
317 2140 447 2197 actione
466 2158 523 2198 sua
545 2141 581 2199 in
599 2135 741 2209 oculum,
764 2135 856 2215 quod
875 2134 970 2197 facile
991 2134 1117 2209 elucet,
1136 2135 1298 2200 inlluxum

251 2248 294 2286 eo
315 2233 415 2307 magis
435 2234 569 2289 noxium
591 2242 746 2288 exserant.
790 2228 870 2287 Utut
890 2225 1062 2287 morbosae
1081 2233 1298 2308 vegetationis

248 2325 444 2400 progenies;
473 2333 587 2394 sponte
611 2332 721 2381 tamen
745 2323 780 2379 in
803 2318 950 2380 ciliorum
971 2338 1122 2379 verorum
1146 2321 1302 2397 modum,¹

249 2410 302 2471 vel
325 2425 392 2472 arte
416 2407 612 2478 evellantur,
634 2407 686 2466 vel
707 2424 824 2485 sponte
846 2410 1012 2482 excidant,
1036 2409 1147 2481 denuo
1167 2430 1299 2491 succre-

249 2518 361 2575 scunt,
384 2515 415 2561 et
435 2496 543 2561 nullus
560 2517 648 2557 casus
664 2504 888 2579 expertissimis
902 2500 1158 2580 ophthalmiatris
1178 2499 1299 2563 hucus-

252 2614 318 2673 que
333 2595 496 2661 innotuit,
517 2588 575 2651 ubi
593 2594 654 2650 ista
673 2595 767 2652 sicuti
786 2607 905 2672 sponte
923 2606 1035 2666 enata,
1058 2598 1177 2652 iterum
1194 2614 1298 2673 spon·

250 2698 284 2743 te
305 2687 527 2750 evanuissent}
565 2682 644 2742 inde
670 2681 809 2745 habetur
834 2689 936 2756 ratio,
965 2704 1066 2767 qnare
1088 2684 1220 2763 etpilla,
1247 2693 1300 2749 uti

247 2778 287 2837 ia
306 2772 465 2850 tricbiesi,
493 2781 570 2839 artis
591 2775 711 2839 auxilio
733 2789 862 2838 tentum
879 2781 1022 2839 amoveri
1040 2780 1174 2857 possint.¹

613 2982 936 3076 Eutropium

251 3143 309 3186 sau
332 3130 544 3199 retroversis,
565 3123 696 3187 reflexio
714 3109 863 3190 ciliorum
881 3133 1100 3213 marginisque
1114 3118 1296 3213 'palpebra-

156 3277 160 3289 ,
249 3215 287 3274 lis
308 3234 415 3275 versus
438 3216 574 3277 bulbum
595 3219 700 3292 oculi,
722 3220 871 3283 ciliorum
886 3229 1031 3306 origine,
1053 3240 1115 3297 nec
1134 3240 1203 3282 non
1221 3221 1296 3281 lim·

249 3306 317 3367 bo
328 3320 461 3369 externo
491 3308 533 3368 ad
567 3313 709 3372 sanitatis
743 3333 891 3375 normam
925 3314 1073 3398 alioquin
1102 3319 1296 3377 constitutis.

248 3399 442 3480 Eutropium
464 3422 503 3460 ex
522 3400 693 3472 omnibus,
717 3426 799 3484 qpos
817 3407 884 3482 jam
905 3405 1111 3479 adduximus,
1136 3405 1260 3468 morbis
1277 3428 1296 3467 a

249 3493 354 3554 forma
380 3491 520 3553 nurmali
547 3492 788 3569 aberrantibus,
815 3500 851 3556 in
871 3504 961 3579 praxi
985 3484 1295 3578 frequentissimum,

251 3581 327 3644 binc
354 3582 432 3644 inde
454 3589 552 3647 etiam
577 3582 619 3647 ab
647 3585 851 3661 auctoribus,
885 3591 996 3677 quoad
1020 3590 1165 3653 habitum
1193 3606 1297 3651 extet·

249 3694 328 3736 num
357 3690 391 3735 et
416 3675 564 3753 indolem
587 3689 723 3747 usurae
748 3686 886 3742 maxime
906 3697 1148 3744 consentaneae
1169 3685 1298 3768 exposi-

251 3781 318 3829 tum
331 3783 400 3835 saell.

242 3930 244 3934 Ι
325 3858 441 3942 Margo
463 3844 579 3920 cilisris
597 3864 694 3923 unius
716 3863 943 3938 solummodo,
961 3864 1013 3926 vel
1031 3869 1201 3949 utriusque
1223 3865 1295 3947 pal·

250 3945 374 4024 pebrae
408 3946 533 4011 influxu
566 3958 785 4035 potentiarum
808 3957 1093 4019 morbiiemrunt
1083 3978 1122 4017 ιιι
1145 3971 1210 4018 tota
1237 3978 1296 4019 sna

254 4044 463 4116 extensione,
488 4043 574 4103 val
565 4046 707 4107 millius
727 4048 956 4110 tantummodo
980 4063 1074 4129 parte
1097 4050 1226 4128 alique,
1257 4069 1296 4108 ex

255 4134 319 4211 situ
345 4151 405 4194 suo
431 4134 571 4197 normali
597 4142 643 4201 ita
658 4146 810 4223 mata,
841 4154 876 4202 at
900 4140 1052 4223 morbose
1077 4140 1192 4231 bulbo¹
1207 4138 1297 4202 oculi
