2752 4960
302 409 367 477 178
431 407 612 469 Seuuror
632 421 688 477 or,
702 418 912 468 ιιιιιιιιιι
931 402 1196 474 nr‘nurnorro.

300 565 395 628 morbi
412 564 527 624 indoleo
547 565 655 639 potita,
676 561 717 619 eit
735 579 796 620 non
816 564 1049 639 illustraverunt,
1070 575 1100 623 et
1117 566 1160 623 nti
1175 566 1208 623 iir
1224 567 1294 624 eonti-

301 657 362 748 git,
401 672 436 722 ut
462 661 539 719 hane
568 669 620 718 aut
646 661 726 716 illurn
745 650 881 736 'speeiem
907 661 1002 720 morbi
1030 662 1243 737 observaverint,
1266 664 1297 721 itu

302 766 393 822 etiam
414 762 631 830 concluserunt,
651 755 707 813 boo
727 759 888 818 remedium
906 762 1011 819 aeteri·
1029 761 1231 836 praeferendum
1245 780 1297 821 eut.

303 859 416 920 Crunoe
437 857 542 916 borum
561 853 728 913 morborum
755 857 833 915 inter
859 877 892 915 ro
916 860 1105 933 persimilium
1129 878 1182 919 uon
1205 876 1298 936 perper·

304 959 426 1030 derunt,
449 966 481 1013 ot
501 953 584 1012 brevi
604 951 739 1012 morbum
757 972 863 1013 nauare
881 956 990 1015 medici
1009 958 1096 1016 modo
1115 958 1271 1018 studuerunt

387 1052 464 1112 Nam
491 1050 661 1112 affeetiouer
689 1051 887 1129 sympathioae
913 1054 1051 1128 brornut',
1083 1074 1155 1131 quoe
1178 1056 1299 1132 perieuluu

302 1163 471 1226 morereut3
502 1147 621 1207 morbus
642 1151 722 1227 ipae,
751 1151 819 1209 eilia
838 1152 973 1226 iuverao,
1002 1172 1055 1211 ora
1075 1152 1217 1231 palpebrae
1233 1154 1298 1210 intro·

301 1270 404 1324 veroa,
431 1252 483 1309 vix
504 1247 574 1325 quid
594 1247 788 1321 incommodi,
817 1251 876 1308 uiri
902 1252 1039 1326 injurium
1066 1254 1180 1310 minoris
1197 1250 1299 1323 monpnti

302 1349 438 1411 ιιιιιΙιιιί
463 1345 583 1407 videndi
609 1349 780 1408 attulerunt.
831 1346 892 1406 Sed
920 1348 965 1408 bie
994 1350 1070 1408 oiliir
1097 1350 1210 1408 inversio
1234 1357 1299 1406 nutu

188 1454 190 1459 ’
302 1447 432 1508 morbosi
459 1443 715 1521 producebantur,
746 1446 797 1522 qni
825 1445 1039 1506 destruetionon
1060 1448 1144 1507 modo
1164 1444 1299 1504 enarrando

273 1584 276 1593 ·
303 1553 546 1637 provocaverunt.

389 1642 424 1702 Si
444 1659 547 1718 nempe
566 1618 684 1699 morboo
706 1643 894 1701 neeundarioe
924 1644 1128 1720 r'enpioiamun,
1154 1640 1299 1701 uflmnntn

219 1810 225 1823 ⁸
305 1742 409 1821 quonia
438 1758 505 1797 eum
534 1740 616 1797 exitu
641 1741 767 1816 primum
795 1743 893 1800 loeuun
910 1752 1059 1803 meretur.
1108 1741 1134 1800 E
1160 1759 1212 1819 qua
1233 1741 1300 1797 ultera

305 1856 431 1898 oorneae
451 1839 598 1912 oriuntur,
627 1857 703 1917 quae
724 1837 803 1897 baud
823 1858 890 1898 raro
911 1850 1080 1916 penetrant,
1102 1850 1132 1900 et
1151 1838 1300 1904 eerntoeeim
1338 1905 1339 1929 ¹

251 1970 255 1981 .
305 1937 473 2016 ayneehiam
494 1939 680 2011 anteriorem,
700 1938 867 2014 prolapsum
886 1938 982 2013 iridis,
1004 1934 1183 2019 rtapbylome
1197 1948 1244 1998 ete.
1257 1948 1300 2011 pn-
1338 1932 1339 1947 ¹

306 2036 415 2096 ferunt.
437 2032 679 2093 'Obeonrntionee
701 2054 827 2094 corneae
855 2037 949 2095 omnir
974 2040 1093 2117 generis
1118 2027 1302 2112 nuepbeiiotd

304 2135 439 2192 leueoma
465 2150 560 2209 unque
585 2132 673 2191 sanilo
698 2135 837 2197 renident.
886 2133 1057 2216 Pterygium
1087 2147 1118 2196 et
1142 2152 1241 2214 ponunt
1259 2144 1302 2206 pn·

304 2233 462 2305 ducuntur,
484 2241 515 2289 et
535 2230 637 2290 morbo
657 2233 794 2327 primorie
817 2231 932 2294 sublato
950 2252 1004 2309 per
1022 2244 1118 2295 totam
1134 2244 1247 2294 aetatem
1260 2245 1301 2287 ut·

265 2398 271 2405 .
303 2350 341 2409 po
360 2331 535 2390 conrintnnt

389 2424 637 2503 Frequentioaime
664 2424 1167 2505 blepbarnphthalmobleunorrboea
1192 2429 1231 2488 bit
1251 2440 1302 2485 nor·

305 2525 349 2585 bia
382 2525 560 2603 rupen-venit.
618 2521 694 2584 Nam
723 2528 910 2602 conjunctiva
937 2539 998 2589 tam
1024 2532 1221 2609 palpebrarum
1247 2539 1304 2603 qum

303 2622 402 2699 bulbi,
433 2624 470 2683 ab
492 2622 548 2681 hon
570 2624 703 2682 ciliorum
723 2625 907 2685 inversorum
932 2631 1095 2704 punatiouo
1121 2632 1240 2701 irritatu,
1263 2623 1303 2698 tlt·

302 2741 425 2801 rumque
443 2732 523 2781 otatn
538 2721 762 2781 blennorrbnieo
781 2720 933 2804 affligitur,
955 2728 1038 2804 eujua
1055 2730 1171 2790 anuntio
1186 2744 1238 2786 non
1251 2721 1304 2799 piu

304 2823 476 2900 nontinget,
506 2839 593 2899 quam
613 2821 716 2880 morbo
737 2822 876 2896 primario
896 2837 1019 2888 remoto

388 2917 448 2976 ldie
469 2917 575 2976 deinde
596 2922 685 2978 etiarn
711 2918 904 2996 ophthalmioe
924 2926 1078 3002 internae,
1108 2944 1146 2984 ex
1164 2922 1216 2983 bno
1231 2918 1305 2979 nun·

303 3018 385 3076 tione
405 3027 575 3091 manantes,
597 3020 865 3079 eommemoraudae
888 3033 986 3085 ιιιιιι.Ι
1009 3026 1094 3094 Quae
1111 3013 1304 3101 ophthalmitidt

302 3116 351 3172 ita
368 3115 426 3172 nito
447 3112 567 3174 ridendi
587 3112 758 3175 facultatem
779 3118 947 3195 deturbent,
967 3134 1002 3181 ut
1020 3121 1159 3202 bypopio,
1180 3112 1306 3179 exeunte-

303 3208 389 3270 uibue
418 3221 450 3270 et
477 3208 606 3290 eynineri
629 3212 712 3273 iridin
739 3227 792 3274 aut
819 3220 883 3277 alite
911 3218 1169 3281 inflammationem
1196 3209 1306 3293 aequent?

303 3306 358 3369 bue
393 3306 639 3371 destructionibus
677 3313 802 3374 faeultoo
834 3314 957 3377 vtnenur
989 3323 1106 3397 pentura
1146 3318 1307 3395 extinguatur,

303 3406 530 3487 aboleaturque;
567 3429 624 3489 qno
645 3412 677 3471 iu
699 3430 770 3473 onon
792 3417 881 3475 etiam
901 3406 1049 3478 interdum
1069 3417 1195 3490 oceidit,
1222 3421 1251 3470 ιι
1265 3404 1307 3464 Ν·

301 3504 357 3565 bur
377 3509 442 3585 ipen
463 3519 659 3593 consumatur.

387 3600 550 3665 Memorato
571 3608 692 3689 dignum
712 3627 828 3690 quoque
850 3624 906 3689 ert,
928 3612 1019 3692 quod,
1048 3605 1103 3674 orn
1123 3607 1264 3692 perpetro
1277 3602 1308 3658 it·

223 3766 227 3785 Ι
300 3710 454 3779 treverae,
480 3703 586 3764 bulbur
613 3708 761 3769 interdum
789 3715 955 3791 uon‘plane
977 3724 1172 3794 contegatur,
1201 3724 1258 3768 tun
1271 3698 1309 3757 ω’

226 3866 228 3871 ⁴
301 3804 364 3878 ejus
385 3805 600 3863 introversione
619 3806 759 3882 palpebra
780 3802 863 3870 audm
882 3828 935 3889 per
956 3812 1176 3889 amplitudinem
1196 3802 1256 3884 quid
1271 3800 1307 3856 ΙΙ·

298 3900 413 3959 minuta
434 3902 482 3964 ait.
532 3904 596 3973 Quo
619 3908 707 3965 otiam
727 3890 780 3983 tit,
807 3920 842 3969 ut
860 3926 968 3969 eoruea
986 3921 1039 3970 aut
1055 3909 1309 3969 solemnitatum

298 3997 415 4056 lurnlro
437 4005 662 4080 comprimatur,
685 4016 715 4065 et
736 4006 854 4067 oornea'
865 4011 1024 4069 oouvexior
1044 4009 1199 4080 reddatur,
1219 3992 1309 4080 (111θῖ0·

299 4111 351 4153 ono
372 4097 522 4161 radiorum
540 4104 615 4163 luoir
637 4114 784 4180 mutatur,
813 4118 844 4168 et
864 4108 989 4167 incultae
1010 4107 1131 4169 videndi
1152 4101 1247 4165 exinde
1261 4108 1309 4174 ΡΨ

298 4188 423 4255 multum
443 4198 588 4266 turbatur.
631 4200 678 4266 Eo
698 4206 730 4264 in
751 4224 823 4268 earu
844 4218 954 4283 autem,
975 4227 1033 4291 quo
1055 4206 1159 4267 bulbua
1179 4212 1232 4263 uon
1245 4194 1336 4272 1³¹¹ui
