2752 4960
149 1198 210 1268 De
240 1196 448 1267 triclinei
471 1207 726 1288 steatreps'e
747 1206 972 1305 ingessere.

53 1497 130 1583 lues
149 1523 250 1583 sarias
271 1519 405 1594 marles,
427 1522 477 1599 qui
497 1523 613 1581 aenlum
633 1519 788 1604 affligunt,
809 1521 956 1583 trielsiasis
976 1534 1007 1584 et
1028 1543 1081 1585 en·
1151 1602 1158 1608 ἱ

51 1622 165 1697 tranium
191 1622 245 1680 rix
271 1629 454 1699 postremum
480 1620 578 1678 laeum
602 1629 716 1685 tenent.
758 1619 945 1706 lneammada
964 1641 1081 1703 nempe,

50 1736 115 1796 quse
132 1720 271 1779 facultati
290 1718 410 1778 videndi
429 1715 609 1792 afferuntur,
638 1721 846 1798 respicientes,
873 1722 924 1779 illa
944 1738 1005 1780 nen
1024 1723 1081 1782 mi·

48 1834 97 1875 uus
118 1821 223 1897 gravia
252 1834 340 1895 quam
366 1819 399 1875 in
427 1817 492 1875 aliis
520 1819 598 1901 aeuli
621 1816 732 1876 merlis
759 1819 932 1881 invenimus.
981 1817 1016 1878 st
1041 1819 1080 1881 ad

49 1910 94 1973 las
119 1915 237 1975 marles
268 1915 414 1974 surandes
443 1926 542 1974 autem
568 1916 697 1975 animum
720 1917 916 1991 advertimus,
943 1908 1081 2001 austeres

46 2011 86 2070 de·
99 2013 192 2074 morbi
218 2023 330 2074 natura
357 2014 567 2093 enratianequs
595 2031 736 2092 persaepe
763 2015 968 2076 dissentientes
994 2035 1080 2095 repe·

45 2128 133 2175 rmus.

116 2209 242 2273 Veteres
263 2210 392 2271 medieas
413 2207 468 2269 lsas
488 2207 796 2289 mariarum-speeies
817 2214 880 2288 jam
907 2192 1080 2293 eognovisse
1136 2260 1142 2266 .
1208 2272 1210 2281 ,

43 2311 206 2386 exscriptis
229 2328 336 2369 earum
355 2310 466 2368 relietis
486 2309 594 2370 elueet.
633 2309 772 2368 Attamen
797 2327 835 2367 ex
861 2308 942 2370 hisee
962 2313 1079 2390 seriptis
1114 2318 1118 2329 ’

41 2403 72 2465 de
95 2409 250 2473 medisina,
278 2428 329 2468 ees
355 2402 445 2467 etiam
471 2425 559 2484 saepe
585 2417 742 2487 utrumque
769 2406 904 2469 merium
935 2412 1014 2470 inter
1046 2430 1079 2470 se

41 2506 195 2573 eenludisse
222 2508 428 2586 intelligimus.
478 2503 539 2564 Sed
565 2503 622 2564 hee
648 2525 709 2565 nen
735 2508 831 2566 salusa
856 2508 1005 2567 veteribus
1026 2527 1078 2568 aa·

39 2603 119 2678 sidit,
151 2618 264 2666 verum
290 2607 379 2663 etiam
398 2606 578 2665 resentieres
599 2616 734 2663 aueteres
755 2602 859 2671 eadem
879 2623 980 2664 errore
1000 2609 1080 2682 eapti
1205 2680 1208 2689 .

37 2699 143 2761 inune
173 2703 310 2764 remedie
337 2720 423 2779 saepe
451 2704 592 2761 auxilium
615 2703 782 2762 universale
803 2711 906 2761 santra
926 2701 979 2761 has
1001 2705 1079 2762 eeuli

36 2798 200 2862 affectiones
222 2821 261 2861 se
280 2803 428 2860 invenisse
449 2800 645 2863 erediderunt.
690 2800 776 2870 Quod
792 2810 892 2858 eutem
908 2802 959 2859 alii
975 2802 1007 2859 iu
1023 2801 1079 2862 du·

35 2893 106 2959 lium
124 2911 332 2961 reseverunt:
365 2917 435 2958 nam
455 2917 524 2958 max
544 2897 601 2957 lsae
621 2898 744 2957 remedii
763 2899 875 2957 virtute
895 2897 965 2957 freti
991 2898 1078 2958 dese·
1139 2882 1142 2887 ’

33 2999 71 3072 pti
86 3009 168 3075 sunt,
190 3003 306 3077 quippe
327 2998 405 3076 quad
426 2999 583 3057 sanitatem
603 3015 663 3081 nan
684 2998 799 3071 attulit3
822 3014 913 3073 quare
930 2997 1010 3056 alind
1028 3016 1077 3056 re-

31 3096 152 3157 medium
171 3098 373 3176 indagantes,
400 3096 526 3156 fortasse
545 3097 638 3157 statui
656 3094 792 3155 merlase
809 3098 957 3172 praesenti
976 3096 1078 3172 aptun's

31 3191 304 3270 deprehenderunt,
336 3205 368 3254 et
395 3213 473 3255 nune
494 3193 654 3254 remedium
671 3204 786 3254 reatum
806 3212 839 3252 se
859 3195 1003 3271 reperisse
1022 3213 1077 3273 pu·

30 3299 172 3357 taverunt.
211 3293 284 3352 Hae
303 3295 421 3353 ratione
441 3295 530 3359 etiem
552 3294 690 3374 eantigit,
711 3304 747 3351 ut
767 3302 903 3352 austeres
924 3294 1078 3353 innumere
1199 3290 1235 3337 O
1349 3358 1350 3377 ,

26 3393 150 3452 remedie
173 3389 403 3471 commendere,
433 3402 464 3454 et
483 3394 566 3453 nulla
587 3392 688 3453 habita
711 3390 877 3451 diserimiue
898 3391 1008 3471 eligere
1027 3409 1077 3451 sa·
1159 3432 1166 3441 -

25 3487 124 3551 terent.

104 3588 220 3651 Omnia
251 3599 352 3649 autern
378 3605 418 3648 ex
444 3607 479 3648 ee
507 3598 580 3647 nate
601 3590 691 3663 sunt,
720 3588 799 3668 quad
819 3600 977 3665 utrumqne
997 3605 1076 3646 mer·

23 3678 87 3746 buns
107 3706 173 3749 nen
196 3689 333 3749 strietius
353 3689 432 3747 inter
452 3706 486 3746 se
506 3686 703 3750 distinxerint.
755 3686 832 3746 Nasu
852 3686 921 3745 eilia
939 3687 973 3745 ln
992 3695 1076 3745 utra-

22 3797 75 3856 que
100 3784 235 3860 morbo,
263 3797 327 3844 tam
345 3784 481 3844 trielsiasi
500 3803 589 3865 quasa
609 3787 761 3864 annania,
791 3786 831 3845 ad
858 3782 979 3844 bulbum
998 3784 1077 3843 eenli

22 3896 102 3942 versa
124 3902 197 3945 esse
220 3883 276 3944 vix
296 3883 450 3961 adspeetni
469 3885 596 3958 medici,
627 3887 717 3944 etism
734 3902 840 3962 parum
859 3885 984 3955 attenti,
1014 3885 1075 3941 ela·

22 3994 98 4052 psum
126 3991 237 4063 esset,
271 4000 353 4059 arans
382 3982 540 4060 palpebrae
567 3994 667 4043 antem
686 3983 773 4043 made
794 3983 826 4041 in
844 3991 927 4041 statu
947 3981 1077 4039 naturali

22 4081 212 4155 remansisse,
234 4080 323 4139 mede
341 4097 379 4137 ex
398 4082 449 4139 ille
467 4084 636 4157 reeessisse,
656 4084 912 4158 inuavmsnmque
928 4089 1076 4157 spectasse

22 4175 137 4238 nedieis
168 4181 269 4238 etiam
294 4181 429 4263 ignotum
448 4198 509 4239 nen
533 4181 600 4244 fuit.
643 4178 757 4243 Temen
777 4199 837 4258 qua
855 4182 888 4239 in
909 4177 1076 4238 wuditlene
1170 4218 1182 4257 ,χ

52 4271 143 4331 Rsnsr
161 4274 267 4346 script.
281 4274 504 4346 subsistentiis.
516 4273 555 4330 11.
779 4282 811 4343 Μ
