2728 4960
148 400 152 406 ’
189 401 479 483 ,Ιιιοιιιιιι
516 416 914 475 ιιιιιιιοιιιιιιιιιι.
1001 426 1071 494 173

64 594 193 638 corneam
214 580 249 635 in
269 572 404 633 bulbum
427 572 522 633 ducta
543 577 625 654 exigi
646 594 740 651 posse
759 576 810 636 vel
830 578 985 656 simplicia
1005 604 1074 644 me.

64 668 190 740 chanices
209 670 378 746 principia,
400 666 568 739 manifeste
587 663 779 737 inficiantur.
826 669 1000 748 supposito
1024 680 1075 735 ni·

12 786 14 823 l
62 765 157 819 nisum
178 773 367 838 operantem
387 761 546 838 gravitatis
566 762 718 834 partium,
737 759 849 833 perid
870 781 971 841 genus
991 765 1077 824 solu.

62 848 426 925 tionemafficiendarum
436 890 447 920 ,
463 868 543 919 ,non
562 854 722 928 ignarum,
733 854 821 909 'scire
842 870 975 933 quoque
995 878 1076 936 qua.

62 956 137 1017 tenus
156 963 207 1015 eas
227 947 360 1019 impune
379 941 558 1017 peterefas
577 944 626 999 sit.
684 996 689 1005 ,

119 1065 183 1124 lam
200 1079 319 1124 autem
347 1065 464 1143 quibus
493 1074 670 1123 cataractae
697 1065 865 1144 speciebus
898 1084 1078 1152 suam'per

62 1155 187 1216 indolem
213 1156 460 1237 'keratonyxi'dis
488 1176 552 1234 ope
578 1157 775 1215 instituenda
809 1159 969 1221 medicina
1002 1182 1079 1243 pro·-

12 1308 13 1311 ,
58 1253 118 1335 pria
136 1253 325 1320 conveniat,
341 1267 378 1305 ex
397 1250 580 1324 praemissis
598 1246 794 1307 concludere
816 1265 872 1309 est.
951 1306 956 1313 .

123 1358 194 1435 Quo
227 1370 383 1427 cataracta
409 1354 532 1425 scilicet
556 1359 687 1434 purior,
722 1377 788 1436 quo
817 1361 952 1438 capsula¹
971 1368 1080 1435 minus

66 1445 172 1524 affecta,
191 1448 396 1509 individuum
417 1467 482 1527 quo
502 1446 609 1522 junius
633 1446 781 1527 (dempta
813 1436 920 1511 tamen
943 1456 1081 1518 infantia

66 1541 98 1600 ad
113 1536 375 1621 ‘consequendum
401 1534 553 1618 scopum,
580 1539 834 1621 laesionemque
853 1542 1082 1606 declinandam

66 1631 150 1691 ostilia
168 1637 263 1691 nimis
285 1630 432 1708 lubrica)
461 1648 536 1708 quo
547 1631 681 1691 validius
703 1647 734 1692 et
753 1640 852 1715 magia
874 1640 1009 1697 activum
1031 1657 1082 1720 sy·
1123 1644 1127 1653 “

65 1736 147 1782 stema
164 1722 408 1811 lymphaticum,
429 1722 524 1781 lentis
546 1727 753 1784 consistentia
773 1727 853 1786 solvi
875 1747 941 1805 quo
963 1732 1080 1805 aptior,

67 1832 99 1872 co
114 1812 225 1892 plura,
247 1804 364 1894 quibus
385 1812 474 1872 hanc
488 1803 639 1872 notarum
660 1821 756 1876 cuivis
776 1819 937 1898 praeferas
958 1819 1082 1880 metho-

66 1902 171 1976 dorum,
192 1905 327 1965 habebis
347 1910 477 1966 motiva

74 2022 260 2082 Cunctas
295 2039 417 2101 autem
436 2040 607 2091 cataractas
636 1982 815 2103 capsulares
842 2024 902 2086 hac
925 2025 1082 2093 methodo

65 2120 152 2194 excipi
171 2134 241 2175 non
263 2090 498 2187 contenderim,
521 2136 573 2177 eas
594 2136 671 2177 vero
691 2116 771 2175 solvi
791 2123 919 2197 ineptas
935 2126 1083 2186 convicto

61 2207 154 2267 solum
168 2221 283 2268 notare
302 2207 414 2267 liceat:
435 2194 496 2266 sibi
514 2206 780 2290 keratonyxidem
799 2209 863 2283 ibi,
891 2210 948 2270 ubi
971 2232 1085 2292 capsu-¹

63 2299 122 2359 lam
137 2304 191 2360 rite
219 2300 396 2360 discissam
410 2310 631 2384 corrugatum,
647 2302 760 2385 ejus
754 2301 884 2362 lobulos
910 2318 1085 2385 retractum

62 2395 113 2463 iri,
133 2407 214 2452 certe
232 2378 378 2477 praedici
397 2395 529 2468 nequit,
559 2391 605 2451 ibi
625 2399 850 2471 operationem
869 2401 1004 2455 maxime
1025 2398 1086 2457 du-

63 2471 138 2543 biam
162 2472 293 2551 baberi;
333 2500 443 2563 neque
476 2480 666 2544 indifferens
692 2486 812 2560 videri,
845 2508 915 2546 eam
944 2495 1082 2566 saepius,

63 2578 256 2656 inaniterque
275 2576 459 2659 instituisse.
504 2573 683 2649 Universim
705 2594 775 2635 eam
796 2576 879 2637 adeo
901 2580 1028 2645 facilem
1039 2595 1085 2640 ‚et

62 2664 196 2749 pericula¹
215 2683 351 2724 vacuam
364 2678 539 2752 reputare,
561 2674 689 2723 cautum
709 2670 765 2739 sit,
786 2686 894 2746 neque
917 2671 1086 2731 technicis·

63 2762 100 2818 rui
116 2757 317 2843 simplicitate
337 2753 488 2824 seducat,
508 2774 619 2834 neque
638 2756 789 2816 mendaci
816 2762 961 2820 incantet
989 2769 1086 2823 inno·

63 2856 167 2913 centia.
213 2850 308 2909 Latet
330 2851 441 2929 anguis
463 2851 499 2905 in
525 2840 635 2928 herba
673 2846 877 2907 Extractione
903 2850 1088 2915 reclinatio·

62 2961 133 3004 neve
149 2928 261 3026 quoad
274 2953 435 3023 eventum,
449 2918 634 3021 nullatenus
648 2943 851 2999 constantior.
872 2941 1086 3017 praeteream,

63 3049 90 3095 et
105 3033 185 3096 hanc
204 3035 429 3119 operationem
451 3050 468 3088 a
495 3049 624 3108 prorsus
651 3050 716 3089 non
740 3035 894 3109 praevisis
920 3053 990 3095 non
1014 3057 1087 3099 raro

63 3126 237 3209 eludi,1mo
258 3139 290 3184 et
310 3143 471 3206 organon
479 3120 618 3191 destrui;
640 3128 708 3203 quis
729 3129 931 3202 operantium
952 3145 1085 3205 quaeso,

62 3230 118 3276 tam
138 3233 223 3277 certa
243 3231 326 3299 aget
335 3236 435 3285 manu
453 3228 489 3272 ut
508 3214 628 3297 iridem
642 3216 773 3275 laedere
793 3237 920 3297 semper
938 3219 1086 3295 proiecto

60 3311 149 3370 vitet?
168 3296 306 3381 offendi,
328 3327 412 3388 quae
441 3305 547 3365 inulta
572 3327 642 3396 non
670 3312 806 3386 patitur,
837 3324 892 3367 aut
918 3311 1087 3389 quomodo

61 3404 326 3483 impensissima,
344 3397 603 3481 liberrimaque,
620 3386 683 3479 qua
704 3403 928 3475 operationem
956 3403 1088 3477 exsequi

61 3508 200 3571 oportet,
229 3513 290 3553 acu
310 3507 398 3555 tanta
420 3491 479 3551 sub
501 3491 587 3569 oculi
606 3508 773 3567 nunquam
796 3489 939 3551 tollenda
960 3490 1090 3550 mobili·

61 3599 117 3646 tate
138 3590 296 3667 continuo
318 3582 450 3664 vitabit?
469 3583 526 3661 Ast
545 3600 606 3641 nec
621 3578 725 3638 solum
746 3578 810 3639 hoc
822 3596 879 3652 est,
901 3580 1088 3641 iridisunde

60 3660 238 3761 mechanica
247 3656 394 3735 offensa.
424 3654 645 3756 Frequentius
667 3690 764 3753 quam
782 3671 903 3730 dexteri
925 3676 1089 3749 operantis

61 3790 127 3845 acus
147 3777 218 3850 ipsa
237 3752 353 3829 iridem
378 3766 479 3826 laedit
506 3777 671 3824 cataracta.
721 3764 866 3822 Humore
893 3780 1026 3841 aqueo
1024 3762 1089 3821 sol·
1136 3846 1142 3854 .

59 3861 156 3921 venda
179 3858 345 3964 crystallus
366 3858 492 3931 eadem,
515 3879 578 3938 qua
597 3855 765 3939 mollescit,
787 3859 912 3913 ratione
928 3858 1086 3927 tumescit,

59 3959 192 4033 spatium
222 3952 325 4027 majus
351 3972 449 4031 quam
483 3951 591 4024 adest,
633 3954 789 4008 continuo
823 3942 884 4025 sibi
910 3934 1086 4019 vindicans,

58 4058 160 4120 partes
181 4047 303 4135 uicinas
329 4042 491 4127 indefesse
518 4044 651 4125 intensis
673 4030 792 4099 viribus
820 4042 915 4097 cunei
947 4037 1089 4098 adinstar

58 4131 121 4201 ab
113 4140 254 4199 msicem
276 4116 449 4220 distendit
460 4140 571 4217 sicque
591 4118 733 4194 flammas
753 4106 906 4210 incendit
929 4149 1002 4195 non
1029 4130 1108 4192 dot
