2744 4960
257 388 444 447 corinna
477 402 540 446 nu
571 400 689 447 tturr.
721 401 889 469 aquato.
993 401 1092 471 ‘²57

81 551 203 618 nmeat.
226 555 343 632 'Saepe
363 573 424 635 pus
442 552 607 643 inaltiote
625 572 763 618 corneae
780 555 853 618 loco
868 554 1004 621 haerens
1022 577 1095 621 sem

81 654 130 712 ain
148 662 248 709 tamen
273 651 309 705 in
330 646 438 708 locum
457 645 665 708 de‘cliviorem
684 646 884 711 descendere
902 648 994 710 solet.
1032 653 1097 711 Pu·

83 745 118 801 ris
134 743 239 817 exigua
259 741 420 816 quantitas
448 736 625 817 aliquando
651 750 768 816 sponte
793 739 1085 803 naturaeretorhe

80 824 130 893 tur.
148 829 321 891 Abundans
335 848 413 889 vero
427 832 522 906 copia
536 847 675 889 corneae
689 827 831 890 lamellas
847 831 899 891 vel
918 837 1095 893 anteriores

81 921 123 982 vel
134 920 325 1000 'posteriores
345 924 524 998 perrumpit
544 937 576 981 et
594 920 685 981 ulcus
706 915 813 993 efficit,
832 922 859 979 si
873 921 980 994 foras,
993 920 1097 1004 hypo·

78 1019 173 1093 pium,
198 1016 223 1071 si
241 1017 339 1071 intus*
356 1024 528 1075 eructetur.
563 1014 690 1075 Totam
721 1028 859 1075 corneae
886 1011 1096 1084 substantiam

79 1106 228 1193 perforans
245 1100 366 1165 fistulas
386 1106 499 1185 gignit.

517 1340 547 1433 §5
586 1301 725 1415 57·':.

315 1496 606 1595 *Staphyloma
633 1514 837 1593 corneae.⁸
876 1566 881 1571 ,

143 1668 395 1732 Inflammatione
422 1662 474 1735 sic²
494 1671 756 1733 ‹licta'corneam'
779 1671 816 1729 in
842 1663 1099 1743 indurationem

84 1767 330 1843 suppurationem
349 1767 483 1824 transire
499 1763 565 1837 jam
591 1762 728 1822 vidimis.
782 1761 875 1825 Uarua
903 1763 969 1838 ejus
998 1759 1105 1835 eritne,

80 1867 156 1913 nunc
175 1858 312 1914 examini
324 1861 441 1915 'nostro
461 1854 624 1932 superest,
665 1855 824 1921 acervatio
843 1865 962 1930 nempe
982 1849 1100 1913 humo.»

77 1961 139 2003 rum
157 1940 350 2026 aquosorum
373 1948 408 2005 in
427 1946 495 2029 ipsa
516 1944 582 2021 ejus
607 1942 796 2037 substantia,
815 1939 959 2020 hydrops
976 1941 1100 2003 scilicet

81 2053 213 2099 corneae.
251 2037 336 2094 Nam
358 2034 399 2094 de
421 2033 606 2095 corneitidis
627 2040 713 2094 exitu
729 2038 770 2093 ,in
790 2047 1006 2115 gangraenam
1025 2029 1100 2090 nul·

77 2123 146 2199 lum,
163 2131 196 2186 ni
213 2125 323 2199 fallor,
344 2124 523 2205 exemplum
543 2139 652 2184 exstat.
674 2125 729 2187 ‘In
748 2122 954 2204 ophthalmiis
973 2119 1099 2181 violen-

76 2219 116 2281 tis
132 2238 218 2299 saepe
238 2235 360 2284 cornea
379 2218 581 2287 intumescit,
604 2215 695 2291 alba,
724 2235 828 2295 opaca
850 2227 883 2277 et
900 2211 1006 2273 mollit
1024 2209 1100 2272 red·-

78 2304 164 2368 ditur.
206 2304 402 2373 intrinsecus
427 2308 645 2368 intumescens
674 2326 793 2368 cornea
821 2321 994 2366 cameram
1008 2316 1101 2363 ante·

77 2400 183 2459 riorem
203 2399 325 2461 claudit
343 2397 525 2477 itidemque
547 2403 660 2482 tangit,
690 2402 883 2458 extrinsecus
904 2400 1101 2485 coni·instar

76 2487 255 2567 protuberat
283 2487 596 2572 (conophthalmos).
640 2491 795 2572 Magnam
813 2488 1101 2552 inde·deformite-
1143 2564 1145 2567 v

77 2591 150 2654 tem,
171 2585 378 2653 coecitatem,
404 2580 493 2641 iridis
520 2596 553 2639 et
572 2577 715 2641 humoris
742 2580 1044 2660 aqueiprolapsunt
1063 2584 1100 2638 in

79 2686 228 2731 extensam
244 2673 311 2750 ejus
325 2669 534 2733 substantiam
547 2674 672 2752 gignit.v
696 2671 856 2729 Mutuavit
868 2683 991 2729 nomen
1006 2681 1101 2727 suum

78 2769 149 2835 baec
179 2778 294 2835 vitiosa
322 2772 570 2852 protuberantia
603 2791 621 2830 a
656 2788 772 2853 graeco
800 2765 900 2828 verbo
927 2755 1102 2841 σταφυλη,

78 2885 144 2940 uva,
163 2887 229 2947 quo
249 2863 449 2947 staphyloma
471 2862 570 2925 audit.
620 2859 658 2920 In
678 2857 771 2936 hujus
792 2857 898 2919 morbi
916 2857 1010 2917 initio
1024 2867 1103 2917 'cor-

79 2973 137 3017 nea
154 2960 293 3030 tenuior,
316 2976 411 3037 quarn
430 2959 465 3016 in
480 2968 565 3013 statu
582 2951 722 3014 naturali
738 2965 785 3012 est
803 2951 835 3028 (S
846 2948 1103 3027 carpe),›post·

79 3066 113 3106 ea
142 3067 217 3107 vero
251 3045 350 3106 densa
383 3044 558 3127 aliquando
587 3059 620 3105 et
652 3043 732 3104 callo
761 3041 918 3103 obdurata
951 3042 1101 3098 cernitur.

77 3136 264 3219 Plerumque
284 3136 426 3196 humoris
447 3141 543 3213 aquei
563 3141 657 3219 copia
676 3134 876 3205 diminuitur,
895 3148 972 3189 nam
988 3141 1103 3210 opera·

78 3234 157 3291 tione
182 3220 422 3310 staphylomatis
450 3242 580 3307 peracta
605 3244 703 3306 parva
729 3222 847 3305 liquidi
875 3225 1033 3302 quantitas
1057 3221 1104 3281 ei·

77 3318 152 3381 fluit.
199 3322 240 3381 ln
257 3323 381 3400 magnis
402 3315 688 3400 staphylomstibus
710 3334 834 3374 camera
855 3310 944 3373 oculi
963 3313 1105 3370 anterior

78 3433 167 3494 saepe
187 3426 256 3474 tota
277 3425 398 3491 quanta
419 3409 527 3470 deficit
546 3411 666 3488 irisque
688 3425 827 3467 corneae
846 3399 1013 3464 incumbit.
1038 3400 1106 3458 Tu·

76 3507 228 3566 moriere
255 3522 383 3583 semper
410 3517 443 3560 et
468 3496 657 3580 palpebram
682 3496 871 3558 inferiorem
897 3488 1049 3569 deprimit
1074 3503 1107 3550 et

79 3600 208 3674 eutropii
229 3592 325 3654 causa
342 3591 377 3652 fit
395 3595 438 3671 ²).

81 3768 381 3800 —n-——u-b--u-t

106 3912 133 3980 ι)
155 3907 253 3981 [Quod
269 3906 436 3988 trimodum
453 3905 632 3963 formationis
649 3901 890 4025 staphqlomatum
900 3900 1106 3974 spectatscom·

142 3995 225 4053 pares
242 3975 330 4030 velrm
355 3975 409 4030 olb.
433 3973 656 4051 ‹laWalther
679 3988 707 4025 et
760 3968 1024 4029 cetrum-,muer
1038 3961 1106 4019 Cln·

138 4063 197 4099 ron
215 4062 276 4099 ron
293 4045 442 4100 Textor.
476 4041 545 4104 Vult
561 4045 584 4096 Ι.
611 4049 712 4117 pseu]
1026 4050 1030 4055 ·
