2728 4960
248 336 294 417 >8
559 332 774 396 Touerusr
802 351 850 395 ne
879 351 1028 397 uanrrs

358 473 480 552 Rectius
497 495 597 571 itaque
616 493 871 565 Aristoteles,
894 494 1031 572 analogia
1046 508 1189 568 corporum
1204 494 1283 570 nixus,

274 606 398 667 quorum
419 594 516 650 nullus
539 588 662 648 effectus
689 591 843 665 primarius
872 592 935 655 sine
957 592 1145 657 coexistentia
1163 593 1192 648 in
1208 595 1283 668 spatio

273 688 434 762 obtinetur,
458 689 627 761 contendit,
650 686 799 745 aetherem
820 688 965 762 quendam
985 688 1180 747 intermedium
1199 707 1231 745 ex
1243 688 1285 747 cb·
1337 734 1338 741 ,

270 790 351 862 jecto
378 790 458 847 leves
487 787 666 846 vibrationes
695 787 927 861 persentiscere,
956 804 1031 863 quae
1052 770 1089 844 ad
1109 787 1214 842 oculum
1231 805 1285 862 pro·

274 896 399 964 pagatae
420 881 538 944 luminis
558 886 754 945 sensationem
776 885 948 945 excitarent.
993 881 1052 942 Sed
1079 901 1229 941 cornuum
1244 883 1285 942 hor

273 984 352 1041 inter
379 984 559 1042 vibrationes
589 1003 623 1041 ac
650 983 746 1040 ideam
775 980 899 1057 objecti,
933 1000 1019 1057 quam
1039 982 1106 1040 inde
1127 983 1286 1057 concipimur,

274 1100 334 1140 non
354 1072 519 1158 perspexit,
541 1100 596 1138 nec
617 1082 694 1137 ullus
715 1081 880 1159 intelligere
900 1082 1017 1157 potuit,
1037 1082 1196 1156 priusquam
1213 1079 1286 1139 relta-

274 1182 380 1293 ctionis
400 1183 483 1261 lcgcs
503 1181 636 1238 detectae
658 1188 757 1237 essent
775 1178 812 1254 ¹).

753 1351 840 1431 sc.

278 1492 284 1501 ·
359 1477 424 1536 Jarn
445 1477 483 1536 ad
503 1476 661 1553 Kepleri
681 1474 826 1534 theoriam
847 1473 972 1555 gradum
991 1475 1087 1549 facio,
1108 1494 1195 1551 qnae,
1214 1493 1230 1532 a
1247 1473 1286 1543 dne
1337 1508 1338 1528 ι

275 1573 331 1633 biis
352 1575 433 1634 hisce
446 1588 486 1633 'et
505 1576 616 1633 fictitiis
638 1574 790 1647 recedens,
812 1577 907 1649 primo
927 1577 1131 1648 experimentis
1152 1585 1180 1632 et
1197 1571 1286 1631 mathe-

274 1662 383 1755 matica
411 1677 632 1732 constructione
660 1671 840 1732 firmabatur.
890 1670 1065 1748 Kepler·
1084 1674 1191 1730 scilicet
1213 1673 1287 1728 lentes
1337 1696 1338 1725 l

171 1755 174 1761 ¹
274 1773 385 1830 vitreas
405 1774 448 1829 ita
470 1790 642 1847 compuncte
663 1781 787 1828 conatus
809 1780 871 1844 est,
897 1780 932 1828 ut
953 1771 1135 1828 refractionis
1156 1768 1288 1827 artificialis
1337 1790 1338 1819 ι

275 1886 331 1947 ope
359 1869 542 1947 objectorum
568 1870 649 1929 idolo
674 1870 706 1926 in
733 1865 858 1927 edverso
879 1871 993 1944 pariete
1012 1872 1078 1945 plns
1099 1871 1190 1927 minus
1208 1867 1289 1925 distin·
1337 1946 1338 1951 ἵ

276 1977 324 2025 cte
342 1969 578 2046 depingerentur.
607 1964 685 2026 Dein
700 1969 872 2035 vinteriorem
889 1968 969 2024 oculi
983 1970 1225 2027 constructionem
1236 1981 1290 2021 eon·

276 2069 444 2143 templatus,
467 2068 590 2124 similem
612 2066 739 2146 effigiem
760 2067 791 2122 in
810 2068 910 2125 tunica
931 2066 1078 2124 retiformi
1094 2065 1239 2136 efformari,
1256 2069 1290 2118 st·

277 2182 334 2239 que
354 2167 399 2223 ita
420 2168 554 2242 componi
575 2167 696 2237 statuit,
736 2173 770 2219 ut
791 2183 810 2221 a
830 2165 966 2240 quopiam
987 2162 1097 2240 objecti
1116 2173 1217 2240 puncto
1234 2158 1291 2218 redii

277 2263 461 2343 divergentes
488 2266 520 2319 in
548 2280 684 2320 corneam
712 2261 905 2339 humoresque
927 2260 1008 2319 bulbi
1029 2263 1185 2334 caderent,
1210 2256 1291 2336 quibus

277 2361 316 2419 ad
342 2364 476 2438 proprius
504 2361 584 2438 leges
611 2359 750 2432 refracti,
782 2361 814 2416 in
841 2370 951 2436 puncto
978 2356 1112 2437 letinae,
1146 2358 1249 2434 oblique
1264 2353 1291 2411 sd

278 2457 424 2535 objectum
444 2458 662 2535 respondente,
687 2460 883 2535 reunirentur.
902 2478 907 2487 ’
926 2457 1004 2516 Hinc
1032 2471 1065 2519 et
1087 2463 1213 2519 inversus
1238 2453 1291 2512 ordo

248 2627 255 2637 „
279 2567 327 2632 et,
355 2556 446 2630 loculo
475 2576 528 2633 per
555 2575 688 2632 pressum
715 2557 889 2637 prolongato
917 2559 966 2615 rel
998 2560 1150 2632 relaxato,
1184 2568 1291 2614 crescens

205 2660 208 2664 ’
276 2658 386 2732 pariter
408 2667 438 2715 et
459 2656 631 2713 decrescens
653 2656 789 2728 claritas,
825 2655 919 2736 magis
940 2656 1074 2715 minusve
1096 2657 1226 2715 distinete
1242 2652 1292 2710 lini·

277 2753 332 2812 bus
353 2757 478 2833 pictura.
523 2755 617 2823 Quem
637 2755 729 2833 igitur
749 2755 906 2833 imaginem
927 2753 1043 2827 docuit,
1078 2755 1114 2813 ab
1136 2756 1226 2811 anima
1242 2767 1292 2827 per·

279 2853 629 2927 ceptam,.sensetionem
649 2849 804 2928 praebere,
827 2871 885 2930 quo
906 2854 1036 2910 excitata
1056 2853 1205 2912 sublimior
1221 2847 1293 2911 letul-

279 2959 325 3009 tas
347 2952 431 3028 quasi
452 2960 605 3010 externum
625 2949 710 3009 nobis
732 2948 878 3028 objectum
899 2962 1101 3028 repraesentet
1114 2952 1152 3028 ²).

755 3121 785 3196 b·
814 3122 844 3187 3.

365 3243 443 3304 Huic
466 3246 633 3320 doctrinae,
661 3248 792 3324 quamvis
820 3265 872 3323 per
900 3249 958 3307 duo
987 3251 1086 3308 secula
1108 3247 1233 3309 omnibus
1250 3244 1296 3303 iere

280 3341 409 3422 physicis
436 3347 566 3402 unanimi
592 3364 736 3404 consensu
764 3359 992 3426 agnosceretur,
1025 3367 1118 3425 nuper
1139 3361 1231 3407 tomen
1248 3357 1297 3400 rm

198 3444 200 3447 ’
280 3444 414 3519 opposuit
441 3441 568 3501 Reade
586 3439 634 3521 ³),
677 3446 743 3523 qni,
777 3446 922 3520 picturam
955 3447 1069 3504 retinas
1105 3449 1184 3506 velut
1209 3456 1298 3502 merum

282 3543 409 3617 opticnm
431 3560 560 3600 errorem
580 3544 734 3617 reJiciens,
757 3561 820 3613 euru
840 3546 955 3619 potins,
978 3562 1066 3620 qnam
1087 3565 1105 3603 e
1126 3561 1228 3602 cornea
1244 3555 1298 3596 eon·

282 3640 429 3714 spicuam,
456 3660 505 3698 res
528 3650 663 3715 aspectas
684 3643 876 3715 referentem,
899 3645 1062 3718 cernimus,
1090 3642 1250 3702 immediate
1265 3634 1299 3693 ri·

316 3847 350 3916 1)
368 3848 566 3917 Priestley‚
583 3848 684 3919 history
702 3850 753 3903 and
770 3858 878 3919 present
894 3856 963 3906 state
974 3853 1005 3907 of
1016 3853 1191 3918 discoveries,
1207 3844 1301 3906 relatiua

371 3925 399 3970 to
417 3920 516 3986 vision,
533 3919 602 3988 light
618 3921 671 3973 und
688 3921 804 3987 colonus,
827 3924 910 3977 hond.
929 3924 1006 3976 1772.
1030 3925 1130 3977 Voll.

319 3987 351 4054 2)
370 3958 516 4058 Kepleri
532 3990 1154 4060 perahpomenarnvrtellronemFrancof.1614
1162 3989 1252 4080 p-170·
1257 3974 1338 4052 sqq

319 4057 353 4126 3)
371 4057 503 4125 Reade,
526 4063 699 4132 experimenta
716 4063 759 4116 for
776 4083 792 4116 a
809 4081 868 4117 new
885 4066 977 4136 theory
995 4066 1141 4130 eleimon,
1161 4060 1301 4118 insicu-
1337 4078 1338 4161 p

373 4131 447 4183 soni
468 4131 559 4185 annale
576 4133 607 4186 of
620 4133 789 4205 philosophy,
813 4136 864 4189 vol.
881 4136 940 4188 xv
