2746 4964
335 366 449 411 craca
472 367 598 439 vrsnsr
619 368 838 416 naricacra.
1007 344 1038 447 Χ]
1063 352 1106 417 21
1194 374 1208 391 *¹

61 508 194 569 amem
210 505 336 581 naas,
362 507 562 575 meinans.
606 482 693 583 eret
718 518 752 569 st
771 509 937 589 sanam,
966 506 1105 579 oseem·

61 610 158 667 tiones
179 607 327 683 respicere
348 606 418 662 licet
440 604 476 662 do
497 607 551 693 iis,
571 607 621 681 qui
642 615 710 683 post
730 607 866 684 amissum
884 607 1012 693 ,alterum
1032 622 1105 664 ocn-

60 708 118 764 lnm
143 724 199 781 per
228 706 339 780 aliquot
365 715 496 780 tempus,
529 704 555 766 si
581 721 669 761 manu
690 703 761 780 quid
781 703 960 780 prehendere
981 704 1104 777 vellent,

59 822 111 881 per
138 806 286 860 incertam
314 819 476 880 regamque
510 802 588 859 viem
624 783 774 859 bracbinm
803 821 938 874 movere,
978 802 1102 880 aliisque

60 899 246 991 actionibus,
277 898 316 979 ad
343 917 415 976 quas
444 901 628 975 accuratiore
656 898 692 958 de
721 900 866 967 distantiis
888 899 999 987 judicio
1030 918 1102 977 opus

61 1007 124 1071 ιιι,
158 974 351 1074 mscipieudis
370 997 479 1073 inepti,
507 998 719 1055 exercitatione
741 997 855 1057 demum
875 998 1032 1091 pristinam
1047 997 1101 1056 ba·
1127 1040 1130 1045 ·

59 1097 207 1155 bilitatem
232 1103 487 1171 recuperaverunt.
537 1092 638 1172 Neque
664 1097 758 1154 minus
789 1098 1019 1174 experimentum
1045 1094 1102 1157 boc

61 1195 99 1253 ad
118 1192 391 1270 comprobandam
382 1203 469 1251 rstam
489 1195 621 1272 regulam
641 1194 774 1253 conferre
794 1212 914 1255 censeo:
941 1191 1100 1272 suspendas

61 1295 202 1350 maulam
228 1291 356 1351 ferreum
376 1289 490 1363 libere,
523 1307 542 1347 a
562 1309 619 1366 qno
642 1310 709 1351 cnm
729 1310 763 1349 eo
791 1288 978 1375 recesseris,
994 1272 1030 1350 ιιι
1048 1287 1100 1347 ba·

61 1393 127 1448 cnlo
148 1393 182 1448 in
208 1407 316 1449 uncum
336 1398 510 1446 excurrente
530 1391 676 1468 attingere
694 1391 814 1467 ,possim
846 1376 964 1449 claudas
985 1390 1101 1448 oculum

61 1491 223 1562 ιὶιιίιιιιιιι,
245 1500 276 1546 ct
295 1489 459 1562 experiare,
480 1489 620 1545 annulum
639 1487 726 1546 bamo
747 1505 866 1565 capere3
887 1490 981 1564 prima
1002 1474 1099 1546 tenta-

60 1588 140 1645 mina
154 1587 269 1658 fallent,
282 1585 374 1642 donec
389 1586 505 1661 saepius
517 1587 643 1660 repetita
653 1604 793 1662 prospere
804 1570 977 1648 succedant
992 1583 1100 1645 Axium

61 1685 363 1761 quidem‘inclinatio,
392 1684 507 1745 etiamsi
528 1702 587 1740 nno
608 1693 724 1742 tantum
745 1686 830 1741 oculo
852 1694 986 1757 utemur,
1013 1683 1097 1742 invo-

60 1786 186 1841 luntarie
208 1781 318 1858 obiecti
336 1783 407 1839 situi
427 1781 632 1859 respondebit,
653 1801 732 1840 cum
742 1793 772 1840 et
791 1784 932 1855 alterum,
953 1779 1098 1858 palpebris

62 1882 222 1953 obtectum,
243 1897 346 1937 versus
367 1879 439 1936 illud
455 1881 580 1957 dirigere
599 1898 748 1958 cogemur,
769 1882 816 1943 ita
826 1891 860 1938 ut
879 1883 1010 1939 clausum
1027 1898 1098 1939 ocu-

61 1984 134 2054 lum,
161 1991 311 2055 nmquam
336 1980 399 2053 ipse
419 1976 533 2049 videat,
565 1976 710 2054 quoslibet
730 1950 862 2053 adaperti
881 1987 977 2057 motus
997 1995 1097 2053 perse·

49 2060 128 2158 uni,
150 2078 260 2158 digitis
270 2077 379 2134 sentire
400 2091 557 2153 queamus3
578 2075 631 2133 sed
651 2074 728 2132 hunc
749 2077 947 2134 inclinationis
966 2075 1096 2148 modum,

62 2179 175 2252 passiva
190 2162 323 2253 motione
343 2192 396 2249 per
415 2176 614 2232 musculorum
639 2172 832 2252 sympathiam
860 2174 986 2247 factam,
1021 2174 1095 2250 diju-

62 2274 199 2333 dicandae
220 2273 377 2331 distantiae
397 2275 492 2330 minus
513 2273 657 2331 inservire
678 2273 903 2335 existimandum
924 2283 986 2349 est,
1008 2291 1096 2352 quem
1144 2260 1158 2277 χ

60 2377 85 2433 ri
105 2373 262 2433 accedente
281 2372 441 2430 voluntatis
458 2375 544 2448 jussu
564 2372 724 2452 peragitur.

522 2543 550 2617 ξ.
578 2540 629 2606 13.

140 2666 208 2725 lam
234 2667 271 2725 ed
297 2668 419 2725 alteram
446 2685 567 2745 eamque
588 2668 754 2746 graviorem
775 2668 953 2745 quaestionis
971 2675 1093 2743 partem,
1147 2672 1149 2676 ’
1237 2696 1241 2703 ·

60 2766 94 2823 de
112 2769 202 2824 solito
222 2765 341 2824 videndi
361 2783 460 2838 more,
487 2765 579 2824 delati
600 2783 708 2825 sumus.

145 2863 250 2922 Visum
278 2863 354 2921 binis
386 2864 477 2921 oeulis
508 2862 610 2940 perlici
649 2867 711 2944 jam
748 2863 908 2927 multifario
939 2880 1093 2934 consensu,

60 2980 141 3040 quern
161 2964 272 3041 singuli
292 2981 390 3019 secum
411 2964 510 3034 alunt,
536 2960 686 3039 probabile
705 2958 846 3024 redditur.
889 2959 1093 3036 Palpebrarum

59 3071 149 3118 motus
170 3063 304 3136 utrisque
325 3062 470 3138 aequalis3
496 3059 576 3117 bulbi
594 3062 652 3137 ipsi
673 3060 774 3136 quavis
798 3061 871 3116 situs
892 3059 1093 3119 vicissitudine

58 3168 225 3235 perpetuum
251 3160 477 3233 parallelismnm
504 3169 682 3235 sequuntur,
712 3159 844 3233 utrisque
865 3156 967 3215 axibus
988 3159 1020 3214 in
1039 3156 1092 3214 ob·

56 3260 161 3332 jectum
175 3258 356 3328 conversis,
382 3257 529 3334 iridesque
555 3255 681 3314 mirabili
701 3254 915 3314 necessitudine
936 3273 995 3313 una
1016 3273 1092 3313 sem·

58 3373 106 3430 per
128 3356 291 3428 oscillent,
308 3366 362 3427 ut,
390 3358 474 3414 vultu
503 3354 540 3413 ed
568 3356 724 3412 remotiore
744 3355 792 3412 vel
811 3355 948 3435 propiora
969 3352 1092 3424 directo,

58 3449 181 3528 pupillae
201 3453 313 3531 pariter
333 3463 522 3512 coarctentur
541 3466 593 3511 aut
613 3451 795 3529 pendantur,
820 3454 892 3527 quin
912 3450 985 3509 adeo
1006 3452 1091 3508 lurni·
1140 3488 1142 3499 ·

59 3551 99 3608 nia
125 3551 330 3622 incitamenti,
362 3570 429 3609 cum
457 3553 552 3609 altera
577 3551 801 3622 communicati,
831 3551 927 3607 altera
946 3550 1091 3624 particeps

59 3647 203 3719 reddatur.
247 3648 328 3716 Quae
348 3648 464 3725 qnldens
484 3649 660 3725 conspiratio
686 3649 757 3706 licet
785 3665 862 3717 non,
896 3657 930 3704 ut
957 3644 1090 3704 Fonta-

60 3761 121 3802 nae
137 3745 165 3820 ¹)
189 3754 220 3804 ιι
241 3742 420 3822 Campero
435 3747 463 3822 ²)
485 3748 611 3854 placuit,
632 3748 784 3804 voluntate
804 3747 843 3803 sit
863 3753 1024 3823 prognata,
1044 3753 1090 3800 ts·

90 3992 119 4058 1)
138 3992 313 4058 Fortuna
331 3992 454 4048 dermotr
471 3995 531 4047 dell
545 3994 630 4060 mdc
648 4011 708 4063 pac
726 3992 853 4047 38-40.

91 4062 121 4130 ²)
138 4062 236 4186 3⁸¹⁰
245 4062 516 4204 {rpageggbuadum
529 4066 596 4121 oculi
609 4065 733 4179 pertibus
747 4066 793 4136 (in
805 4063 944 4120 Helleri
962 4050 1028 4130 disp.
1043 4059 1087 4113 sel.
