2744 4960
180 392 464 461 nu'srsrnrr.
490 394 665 467 neuris
693 397 943 453 curerat-u.
1031 403 1075 471 9¹

57 572 124 618 aen
135 558 270 623 retinae
286 574 361 618 cum
382 553 501 637 zonula
521 553 621 621 ciliani
648 555 959 640 intercedentemin
981 577 1089 639 ruunt·¹

59 647 185 717 malibus
206 664 240 710 et
259 646 369 709 avibur
387 648 596 730 indagarem,
620 661 730 707 tamen
755 668 795 709 eo
818 652 991 726 pervenire
1012 668 1085 711 ιιοιι

16 730 18 753 *
58 743 158 818 potui,
188 755 225 801 ut
240 743 367 823 retineo
388 743 668 821 continugtionem
692 759 788 819 supra
806 740 858 801 vel
877 739 962 800 iufra
980 760 1089 805 noun.

58 830 112 891 lam
126 832 271 893 ciliarem
285 837 522 914 conspicerem,
543 844 655 891 contra
674 850 712 890 er
729 830 969 911 obcervotionea
989 852 1085 895 mene

16 918 17 923 ’
58 940 103 981 ne
121 942 160 983 co
232 938 262 997 t,
289 939 327 985 ut
348 920 546 986 contendum
553 962 565 995 ,
592 924 730 982 retinam
751 942 791 985 eo
810 928 881 1006 ipro
900 927 936 983 in
953 922 1029 986 loco
1048 923 1093 989 fi·.

58 1018 172 1088 rimu
149 943 378 1076 verterunt
398 1013 537 1077 ronulae
558 1013 673 1075 ciliarit
692 1031 804 1109 margo
825 1017 959 1095 incipiat
978 1036 1058 1078 erae.
1116 1046 1121 1064 ι

122 1104 351 1217 vulgatissima
371 1104 414 1167 de
432 1103 572 1166 ronulae
594 1104 709 1165 ciliaris
728 1096 843 1167 natura
865 1110 978 1185 opinio
1003 1104 1085 1173 haec

61 1186 118 1269 ert,
137 1217 208 1257 enm
222 1220 241 1259 e
261 1200 372 1259 tunica
390 1195 534 1270 humoris
548 1197 639 1281 vitrei
655 1194 778 1271 oriri,
769 1195 821 1256 vel
834 1197 947 1258 saltem
960 1218 1033 1259 cum
1046 1222 1085 1261 ea

61 1290 222 1375 ιιιιιιιιιιιο
239 1291 448 1369 conjunctam
456 1289 574 1365 esee¹),
589 1308 627 1348 ac
643 1291 834 1365 nominatim
844 1286 908 1350 hoc
921 1303 1084 1353 rtatunnt:

63 1367 126 1436 eam
145 1382 164 1438 a
180 1377 302 1441 lamina
316 1381 466 1440 anteriori
486 1375 616 1439 tunicae
631 1375 841 1458 hyaloideae,
863 1399 948 1463 quae
967 1384 1002 1440 in
1022 1400 1088 1441 am·

63 1464 126 1527 bitu
145 1477 286 1549 corporis
308 1471 453 1532 ciliarir'
444 1488 480 1529 ιιι
500 1468 579 1529 duat
603 1466 739 1528 laminas
764 1466 915 1542 finditur,
943 1472 1087 1547 lormari,

65 1576 156 1637 quarn
173 1561 303 1640 quidem
321 1581 392 1621 rem
409 1579 481 1621 non
499 1562 544 1618 ite
562 1555 732 1620 rehabere
748 1580 843 1640 poree
861 1556 1087 1645 Rudolphi,

66 1638 329 1736 Duellir'iger
326 1667 359 1713 et
377 1643 557 1713 Baetem
583 1654 778 1733 argumentis
802 1656 975 1732 propositis
1001 1648 1095 1717 cotn-¹

67 1740 203 1842 probare
209 1744 416 1830 studuerrmt.
453 1742 487 1802 si
505 1760 649 1853 unguem
671 1741 884 1803 demonstrari
901 1748 1020 1822 possit,
1041 1761 1092 1806 tu-

66 1836 162 1894 nicam
181 1818 319 1903 r’etinarn
326 1835 430 1896 inira
449 1834 602 1897 aonulam
623 1833 766 1896 ciliarem
789 1833 884 1895 lentis
911 1840 1091 1917 marginem

64 1943 164 1986 versut
189 1925 344 2008 expandi,
375 1944 417 1985 eo
431 1929 516 2006 ipro
537 1924 651 1991 eorum
675 1929 838 1985 sententia
846 1923 1090 2011 collaberetur,

66 2012 118 2098 qui
136 2038 205 2079 eam
228 2020 377 2080 amnica
400 2014 574 2098 hyaloidea
600 1996 761 2099 originem
788 2035 921 2099 cepere,
954 2039 1093 2101 cumque

65 2126 101 2167 ea
106 2109 320 2219 'conjunctam
339 2105 392 2167 vel
403 2107 509 2188 'plane
529 2105 669 2168 eandem
688 2126 757 2166 aeae
778 2107 999 2191 ιοιιιοιιᾶιιιιις
1030 2129 1095 2192 quo
1180 2166 1184 2173 .

66 2204 248 2261 emmaatir
278 2214 468 2280 comperto
477 2195 561 2273 nihil
595 2195 688 2258 dubii
716 2197 979 2281 relinqueretur,
1013 2205 1095 2280 quin

65 2293 167 2351 retina
179 2294 260 2352 inter
275 2293 417 2351 tunicam
437 2268 644 2372 hyaloideam
656 2302 763 2377 etque
781 2288 932 2351 aonulam
952 2290 1094 2353 ciliarem

65 2378 104 2440 ait
123 2380 289 2449 collocata.
330 2381 465 2461 Saepius
490 2380 555 2444 hoc
578 2378 659 2442 mihi
686 2378 774 2458 apud
798 2386 885 2442 varia
911 2382 1094 2447 mamuralia

67 2471 193 2557 accidit,
220 2488 258 2535 ut
274 2494 344 2536 une
363 2473 501 2536 alterave
529 2471 669 2534 ronulae
689 2471 803 2553 ciliaria
825 2470 909 2551 plica
927 2470 1102 2534 rublevate'

68 2578 118 2624 aut
130 2566 249 2640 evulsa,
268 2571 380 2628 tunica
399 2563 568 2649 hyaloidea
584 2563 679 2625 timul
693 2542 934 2625 dilaceraretur.
972 2561 1093 2641 Quare,

70 2654 135 2717 tum
150 2655 247 2733 mihi,
273 2673 312 2719 ut
330 2657 431 2719 modo
451 2656 535 2730 dixi,
554 2673 726 2735 nunquam
745 2655 936 2732 contigerit,
960 2665 998 2710 ut
1017 2650 1102 2711 con·'

68 2749 276 2814 ιὶιιιιιιίοιιιιιι
301 2750 391 2810 ιιιιιί
409 2750 568 2809 attenuati
591 2748 717 2807 retinae
745 2747 832 2804 inter
850 2744 993 2823 tunicam
1018 2736 1099 2824 hyn·-

68 2837 201 2904 loideam
226 2853 327 2923 atque
353 2840 505 2901 conulem
532 2835 674 2897 ciliarem
696 2835 901 2918 detegerem,
928 2830 1097 2917 hucusque

69 2931 160 2994 multo
187 2935 296 2993 minus
321 2929 363 2991 de
390 2932 562 2992 arctissimo
589 2923 730 3008 quadam
756 2924 874 2989 horum
900 2944 1098 3011 organorum

71 3019 296 3103 conjunctione
313 3026 400 3083 inter
417 3043 452 3082 se
465 3019 616 3080 dubitare
634 3037 776 3096 possum.
814 3016 916 3098 Quod
928 3037 1006 3080 vero
1026 3019 1099 3075 atti·

70 3116 178 3177 netad
197 3136 271 3176 aver
279 3158 291 3188 ,
319 3113 480 3175 Hall'eri
501 3112 761 3199 disquisitiones,
780 3130 874 3191 ‚quae
892 3112 978 3171 inter
996 3120 1100 3171 *ronu-

70 3194 126 3267 lam
150 3206 296 3268 ciliarem
322 3222 420 3287 etque
448 3202 654 3288 hyaloideam
678 3202 804 3279 nullum
828 3222 897 3265 erse
917 3212 1103 3264 connexum

64 3295 202 3373 docent,
223 3295 398 3359 sufficiunt.
839 3322 843 3326 -

135 3389 263 3471 Quod
252 3403 338 3450 mter
356 3394 480 3451 tunicae
493 3380 630 3450 retinam
651 3402 750 3468 atque
766 3380 1000 3448 choroideam
990 3400 1027 3445 ru
1040 3378 1100 3441 ho·

72 3485 169 3556 mine,
191 3478 417 3541 mammalibue
438 3497 535 3575 atque
554 3480 664 3543 avibus
687 3478 750 3538 elia
771 3480 867 3539 etiarn
887 3482 973 3553 quae
992 3486 1102 3553 porte·

71 3577 183 3634 riurein
202 3570 298 3633 bulbi
318 3590 475 3633 cameram
489 3577 601 3649 vetut,
622 3568 812 3632 membrana
827 3571 888 3629 cita
904 3577 969 3636 est,
991 3563 1033 3623 de
1047 3582 1101 3635 eo,

74 3663 339 3746 quandoquidem
370 3683 420 3725 rer
449 3667 519 3762 ipsa
549 3663 649 3726 dubia
674 3680 745 3722 non
770 3674 836 3732 est,
876 3653 1102 3718 tantummodo
1154 3722 1157 3727 ,

75 3759 216 3836 quaestio
236 3774 307 3815 erse
325 3767 451 3833 potest:
471 3772 595 3817 numne
612 3754 699 3817 forte
713 3748 832 3823 zonula
848 3728 962 3809 ciliaris
976 3743 1105 3805 mediae

59 3842 160 3937 'hujus
185 3846 397 3953 membranae
424 3849 626 3951 continuatio
646 3844 707 3909 tit?
738 3842 823 3925 quae'
843 3837 976 3923 quidem
1004 3841 1104 3944 quie·

105 4055 189 4175 ‘ld
202 4052 257 4181 ἦ
269 4051 414 4197 ΜοξέιιΙ
440 3992 602 4113 Haudbuch
631 4051 681 4108 der
706 4046 926 4153 menecblichen
943 4041 1110 4158 Ᾱιιιιοιιιίι
1137 4126 1142 4141 x

283 4140 313 4195 P·
742 4178 745 4185 .
962 4185 967 4193 ἢ
1066 4166 1069 4179 ι
