2744 4960
240 370 353 474 „¹26
522 363 755 433 cranaus
787 380 850 437 uu
882 379 1094 441 runica„

615 616 619 627 .
726 574 761 651 q.
798 575 867 653 45..

547 680 1035 763 Phlyotaenna

280 887 285 895 ⁴
353 808 409 877 Uti
427 809 652 889 conjunctivae
671 764 1066 957 inflammatieorueam
1071 809 1308 889 corripueris

278 908 376 985 ptiam
400 902 473 997 ejus
505 903 634 961 tunicae
660 903 872 979 suppuration
927 913 1045 960 cornea
1063 894 1160 959 affici
1192 900 1306 993 potest.

275 990 339 1065 Pus
366 1016 404 1057 er
400 972 681 1063 inflammatione
715 992 938 1069 conjunctivae
972 1009 1042 1051 nou
1071 989 1177 1050 soluta
1205 980 1308 1051 ortn'm

273 1095 361 1153 inter
380 1104 450 1146 eam
469 1096 501 1144 et
520 1092 644 1144 nostrae
666 1074 796 1140 tunicae
817 1094 979 1142 externam
1007 1066 1209 1162 superficiem
1228 1078 1307 1141 hae·

269 1200 350 1245 rens
366 1176 428 1243 rub
448 1174 550 1238 forma
568 1176 771 1231 minimarum
789 1169 990 1249 pustularum
1010 1190 1148 1232 numero
1170 1170 1306 1236 lutense

271 1271 471 1332 diversarum
491 1265 696 1342 conspicitur.
735 1252 832 1320 Haud
850 1258 946 1351 facile
966 1280 1063 1342 saepe
1092 1276 1141 1321 est
1164 1261 1306 1349 indicata

273 1375 383 1423 utrum
400 1372 462 1438 pus
481 1358 516 1413 in
536 1372 675 1414 corneae
694 1351 863 1434 superficie
883 1367 1018 1426 tantum,
1044 1370 1086 1412 ιιι
1106 1364 1241 1447 qnoque
1259 1357 1306 1413 iu·

168 1482 173 1495 =
273 1466 326 1512 ter
345 1450 412 1526 ejus
433 1434 577 1505 lamellas
597 1441 738 1505 haereat.
778 1442 961 1526 Diagnosin
983 1457 1089 1503 autem
1109 1440 1304 1503 interutros-

273 1556 341 1620 que
360 1535 479 1599 morbis
498 1537 583 1597 infra
602 1532 748 1597 dabimus
758 1578 773 1617 ,
808 1534 867 1595 ubi
892 1548 925 1594 et
952 1532 994 1595 de
1018 1548 1100 1615 pure
1119 1536 1206 1623 inter
1223 1537 1302 1619 ipses

274 1646 414 1695 corneae
431 1620 575 1686 lamellas
574 1638 763 1709 stagnante
785 1645 925 1708 agemus.

273 1800 281 1809 “
347 1782 414 1846 Has
446 1804 525 1848 vero
549 1784 693 1866 pustulas
720 1803 861 1846 corneae
889 1779 1071 1863 superficiei
1100 1779 1301 1846 inhaerentes

271 1873 490 1961 perforamus
510 1872 697 1956 apellamus.
749 1877 883 1937 Veteres
910 1877 959 1933 uti
995 1892 1033 1933 ex
1056 1874 1150 1935 celso
1182 1889 1302 1938 constat

267 1968 478 2053 phlyctaenas
505 1967 653 2029 dixerunt
676 1966 857 2047 pustulas'
847 1984 912 2045 Jam
936 1976 1064 2043 ruptas,
1089 1963 1167 2026 licet
1195 1987 1300 2029 earum

250 2069 386 2125 ‘natura
408 2058 622 2136 Gelensium
646 2062 730 2119 satis
747 2072 827 2119 nota
854 2070 931 2117 erat
969 2050 1217 2136 Nonnunquam
1232 2063 1300 2139 epi·

270 2155 413 2215 demicus
442 2164 597 2229 tanquam
625 2148 757 2209 morbus
789 2151 1000 2207 inveniuntur
1017 2146 1054 2223 ¹)
1107 2147 1299 2212 constitutis

266 2240 332 2308 luit
360 2237 541 2304 catarrhalis
567 2252 599 2297 et
624 2236 851 2317 diaphoreticis
877 2235 1027 2297 remediis
1055 2216 1143 2298 haud
1162 2240 1298 2303 ‘difficile

265 2335 474 2398 sanabantur.
520 2326 646 2389 Eodem
669 2342 818 2406 tempore
846 2347 864 2387 e
892 2345 984 2387 causa
1012 2327 1181 2390 catarrhali
1207 2332 1298 2395 multi

266 2429 391 2509 aegroti
411 2416 537 2501 aphthis
554 2422 590 2480 iu
607 2416 719 2500 lingua
739 2410 882 2478 et'labiis
900 2416 1114 2480 laborabant.-
1144 2420 1188 2480 -Et
1208 2420 1297 2505 phly-

266 2531 396 2578 ctaenss
411 2533 484 2572 cum
500 2507 624 2589 aphthis
638 2507 747 2568 multis
759 2512 795 2569 iu
808 2505 903 2570 rebus
920 2513 1094 2572 convenire
1108 2513 1296 2592 ingeniosis·

263 2614 344 2670 sime
364 2604 405 2667 ab
424 2603 475 2665 Ill.
498 2611 711 2680 praeceptore
736 2598 939 2660 observatum
959 2617 1006 2663 est
1023 2604 1062 2681 ²).
1084 2602 1257 2667 Exstant
1247 2623 1294 2666 nr·

263 2698 392 2760 turdum
418 2691 632 2775 phlyctaenae
661 2686 786 2768 aphthis
817 2689 1010 2753 nullomodo
1039 2695 1292 2773 comparandae,

263 2810 349 2871 quae
369 2788 488 2848 evasis
509 2780 700 2878 sanguileris
718 2798 859 2843 corneae
880 2781 1081 2860 superficiem
1103 2783 1294 2848 adeuntibus

262 2897 354 2947 ortae
378 2872 537 2961 maculam
564 2873 679 2931 sistunt
706 2871 812 2933 albam
831 2876 998 2931 etsensim
1019 2879 1205 2956 sensimque
1225 2894 1293 2938 eva·

259 2985 431 3037 nescentes
449 2971 486 3026 in
506 2982 616 3024 earnm
633 2961 714 3022 locis
732 2962 851 3023 ulcera
867 2963 1057 3044 relinquunt
1075 2965 1113 3042 ⁸).
1167 2968 1293 3030 Accidit

259 3059 499 3129 interdum,
536 3068 574 3112 ut
606 3072 701 3111 verae
730 3051 982 3114 exulcerationes
1017 3055 1243 3130 coniunctivae
1271 3079 1291 3119 e

256 3149 458 3233 phlyctaeuis
478 3158 584 3210 ortum
605 3141 735 3203 ducant.
792 3143 867 3225 Quo
888 3149 1018 3205 veroin
1036 3146 1152 3209 morbo
1171 3152 1291 3210 rarissi-

257 3263 312 3303 me
338 3253 406 3300 tota
430 3239 552 3316 patitur
576 3232 796 3312 conjunctiva,
834 3235 893 3296 sed
920 3236 1112 3319 plerumque
1143 3240 1289 3322 singulas

254 3333 326 3410 ejus
351 3340 485 3409 partes.
525 3322 624 3387 Haec
640 3320 899 3386 inflammationis
925 3328 1056 3408 sequela
1077 3334 1210 3391 minime
1231 3352 1289 3393 ns-

255 3421 427 3506 gligenda,
457 3421 535 3503 quia
553 3416 716 3480 interdum
737 3420 897 3479 cicatrices
915 3436 986 3480 uon
1006 3406 1167 3484 tollendae
1183 3443 1227 3500 ex
1249 3442 1285 3515 aa

254 3526 445 3591 nascuntur.
542 3594 544 3599 Ι

262 3895 315 3961 ι)
331 3889 461 3964 Himly
492 3890 721 3964 ophthalmolog.
750 3889 1000 3968 Beobaohtnngen
1036 3909 1062 3951 ι.
1078 3848 1181 3975 ¹iisticlt
1216 3896 1283 3952 Bre-

260 3962 649 4098 '2>¹¹¹1i‘·1¹a²‚l⁰''''1.⁸0.¹{‚⁷.23.
1044 3988 1047 4001 '

258 4097 310 4163 .3)
320 4045 493 4165 Himlyl,
508 4113 533 4147 o.
550 4113 580 4167 p
598 4108 657 4166 req.
