2682 4950
270 397 465 451 asconius
488 396 705 450 eauonour
728 398 837 447 cura.
1043 385 1085 450 93

31 556 247 636 operationem,
269 556 480 636 quamprimum
500 557 533 616 in
553 559 617 615 sole
638 555 816 631 obambulet,
834 556 994 638 perstringi
1014 575 1084 621 oeu-
1192 640 1194 643 ι

33 661 109 733 lum,
131 656 288 732 omniaque
309 659 418 715 circum
438 654 675 732 splendidissimo
698 654 825 714 candore
845 655 960 715 elucere
981 658 1084 730 sentit,

32 759 110 835 quin
130 764 183 814 aut
203 754 358 832 quidquam
378 743 523 828 lustrare,
550 763 604 813 sat
623 754 760 813 incedere
780 753 890 830 possit,
918 772 988 831 prae
1009 750 1084 814 lucis

31 855 236 916 intolerantia.
279 852 374 912 Beer
390 849 421 934 ¹)
444 850 596 911 historiam
616 853 709 912 tradit
730 852 767 911 de
787 849 844 911 hac
864 871 899 910 re
917 852 1084 930 perutilem.

30 954 92 1015 Vir
112 952 229 1032 quidam
253 950 378 1010 obscuro
399 950 432 1009 in
453 950 605 1027 cubiculo,
634 952 667 1009 in
688 968 745 1028 qno
767 968 823 1009 nec
843 949 938 1010 Beer
957 969 1013 1009 nec
1033 952 1085 1010 alii

31 1054 193 1132 quicquum
214 1060 332 1126 praeter
348 1047 445 1108 ullum
464 1067 483 1106 a
497 1050 585 1129 nigro
603 1050 703 1108 colore
721 1051 923 1110 internoscere
937 1058 1085 1126 poterant,

31 1164 100 1210 tum
120 1148 268 1209 scribendi
288 1157 351 1205 tum
372 1147 526 1205 lectitandi
546 1148 687 1206 facultate
704 1147 867 1226 gaudebat3
890 1157 925 1207 ut
940 1149 1021 1224 prinu
1037 1149 1085 1207 in·

33 1251 132 1309 travit
153 1248 233 1321 dies,
254 1247 281 1303 is
302 1247 381 1304 ultra
402 1264 441 1304 ne
463 1245 549 1326 gredi
570 1245 696 1325 quidem,
719 1245 792 1323 pede
809 1246 933 1320 incerto,
954 1263 1011 1304 nec
1032 1222 1102 1305 dos

31 1350 102 1407 lore
122 1360 222 1406 catere
243 1345 348 1420 potuit.
392 1342 529 1402 Pluribus
552 1345 640 1414 etiem
660 1344 842 1422 interpositis
857 1342 1016 1418 mensibus,
1037 1346 1085 1403 lu-

33 1465 102 1505 cem
121 1454 156 1504 ut
174 1444 308 1516 falleret,
329 1443 378 1499 vel
399 1441 608 1517 deambularet,
631 1443 708 1520 aptis
730 1442 911 1519 conspicillis
930 1442 976 1502 uti
998 1461 1084 1521 opor-

32 1545 127 1609 tebet,

123 1641 170 1701 De
189 1636 342 1717 posthumo
363 1636 421 1696 lsoc
442 1639 596 1716 dynamiao
616 1640 701 1719 aegri
721 1639 895 1698 admonendi
916 1648 1002 1713 sunt,
1030 1656 1085 1699 an-

33 1752 155 1819 teqmm
174 1740 206 1796 in
226 1740 323 1795 lucem
343 1737 481 1798 redeant:
509 1739 604 1815 iisque
623 1738 817 1815 prospicitur,
846 1739 873 1797 si
900 1739 1085 1798 commende·

34 1853 90 1901 tur
111 1835 241 1897 modicus
263 1838 416 1895 oculorum
436 1855 523 1908 usus,
551 1835 644 1895 donec
671 1826 859 1910 assuescant,
888 1846 940 1896 aut
966 1838 1085 1914 conspi-

35 1941 190 2009 ciliorum,
212 1943 265 1993 aut
285 1930 428 2011 diutlryri,
453 1934 557 2012 quibus
578 1935 792 1995 incommodum
811 1936 887 1994 lucis
906 1934 993 2011 jubar
1013 1952 1087 1994 ocu-⁴

34 2041 78 2098 lit
99 2034 264 2096 defendant.
308 2031 443 2092 Ceterum
467 2030 638 2091 erethismus
660 2035 806 2094 minumur
825 2036 916 2108 ultro,
940 2042 971 2091 et
990 2035 1084 2093 serius

36 2154 131 2214 ocyus
151 2137 246 2193 lucem
266 2131 338 2188 solis
358 2148 508 2189 coruscam
528 2131 646 2208 impune
667 2132 753 2191 nervi
773 2132 930 2209 excipient.

126 2232 197 2294 'l’ali
215 2239 317 2308 pacto,
345 2229 373 2285 si
391 2246 453 2286 non
473 2247 591 2302 omnes,
614 2231 785 2309 proecipuus
806 2231 911 2287 saltem
932 2232 1084 2309 sclerony-

37 2335 120 2395 xidis
139 2332 273 2408 sequelss
293 2345 447 2404 earumque
468 2345 583 2402 curam,
610 2336 644 2385 at
665 2329 819 2404 proposui,
850 2330 900 2386 vel
922 2339 992 2406 puto
1020 2348 1084 2389 esse

37 2432 231 2508 complutum,
250 2429 300 2487 vel
320 2428 425 2484 saltem
446 2425 589 2489 desidero,
632 2425 678 2487 De
700 2428 816 2505 origine
838 2425 908 2485 uilui
926 2426 1084 2505 synechiae

36 2530 210 2611 posterioris
230 2537 261 2585 et
281 2533 445 2584 attractae
464 2522 667 2600 secundariae;
688 2525 740 2585 rix
762 2522 840 2582 enim
859 2522 917 2584 huc
936 2528 1085 2589 recenseri

37 2638 197 2697 merantur,
240 2625 324 2687 Setia
345 2631 442 2683 autem
462 2624 556 2682 multe
576 2621 663 2682 hodie
684 2621 720 2681 dc
741 2622 779 2680 iis
802 2620 880 2681 dicta
901 2633 979 2689 sunt.

78 2917 109 2986 1)
143 2914 200 2969 os·
216 2915 308 2982 suga,
332 2911 411 2965 ouen
430 2910 506 2966 isis.
523 2911 550 2965 a.
568 2929 594 2982 p.
614 2909 656 2964 13.
689 2890 692 2895 ’
723 2984 726 2987 ¹

763 3010 773 3055 l

317 3223 801 3251 w
