2752 4960
193 332 195 337 ’
258 339 320 404 136
474 340 655 402 usarisr
680 358 727 401 ns
747 355 829 402 esur
851 353 984 400 serres
1007 356 1075 398 oso

347 494 545 581 Decrepemns
563 499 655 577 igitur
676 507 761 571 ante,
789 495 972 568 morborum,
1004 498 1055 571 qui
1074 498 1138 556 rias
1158 497 1297 558 infestant
1357 536 1358 559 ;

263 596 407 671 lacrymas
428 595 620 668 deducentes,
653 594 850 675 pathologiom
871 605 960 672 atque
980 593 1145 669 therapiem
1165 614 1298 671 exarare,

236 759 240 765 ⁵
261 693 421 767 praemissa
438 712 539 752 earum
559 695 706 752 anatomia
726 702 815 770 atque
835 691 1025 772 physiologia.
1069 689 1129 750 Sed
1147 695 1181 752 in
1201 694 1298 755 elnho·

263 790 356 848 rnnda
381 789 436 849 hac
463 794 603 864 materie,
629 799 709 855 cumi
726 790 799 850 hene
819 791 1046 864 intellexissem,
1078 809 1143 850 eam
1162 810 1225 851 non
1244 794 1298 853 nisi

194 894 196 903 '
262 888 394 967 longiore
408 907 540 950 sermone
553 888 666 951 absolvi
678 907 776 965 posse,
790 890 876 947 simul
889 898 988 948 autem
998 891 1137 965 temporis
1149 892 1297 949 minimum

169 1048 174 1070 „
263 987 463 1065 tantummodo
485 990 609 1064 spatium
630 976 800 1069 concessum
820 997 909 1060 esset,
930 990 1022 1046 satius
1039 988 1121 1062 duxi,
1143 1007 1211 1046 cum
1227 999 1295 1047 tem-

263 1084 328 1157 pori
347 1103 480 1160 parcere,
501 1096 576 1160 turn,
602 1104 675 1167 quae
697 1083 842 1141 derebus
863 1103 952 1161 supra
971 1088 1089 1144 monitis
1107 1089 1169 1162 jam
1191 1086 1296 1146 dudum

263 1180 418 1242 observata
438 1193 526 1262 atquc
547 1186 714 1262 excogitata
734 1180 886 1255 haberem,
907 1200 961 1256 ea,
982 1186 1085 1242 critico
1100 1185 1200 1243 studio
1215 1205 1294 1244 reco-

260 1282 344 1359 gnita
364 1291 492 1358 optoque
513 1282 615 1340 ordine
636 1282 796 1358 disposita,
811 1281 869 1337 alio
889 1289 1020 1358 tempore
1040 1282 1073 1340 in
1090 1285 1186 1341 lucem
1201 1283 1293 1359 edere,

260 1381 419 1454 praemisso
447 1382 583 1452 interim,
614 1388 762 1457 tamquam
790 1378 956 1461 fragmento
977 1381 1093 1457 aliquo,
1127 1379 1184 1437 hec
1205 1384 1294 1457 quali·

262 1495 376 1557 cunque
397 1474 662 1539 dissertatiahooless
695 1475 797 1535 Habet
817 1484 915 1534 antem
933 1478 985 1535 illa
1004 1472 1186 1552 propositum
1204 1480 1248 1554 id,
1266 1482 1294 1538 in

261 1590 318 1650 quo
338 1580 433 1635 omnis
455 1577 548 1634 motio
569 1576 683 1635 versari
698 1574 800 1648 'dolah
826 1574 963 1632 nimirum
980 1580 1018 1634 'ut
1038 1576 1228 1650 demonstret,
1250 1571 1295 1654 (poi

259 1668 374 1732 fructus
390 1674 427 1731 ln
447 1673 620 1751 quibusdam
635 1674 754 1733 'viarum
771 1668 972 1750 lacrymltlinm
991 1670 1100 1732 morbis
1121 1693 1138 1731 e
1159 1678 1295 1751 peculiari

260 1769 303 1859 iili
324 1773 411 1829 serici
431 1788 486 1830 usu
507 1772 723 1849 percipientis,
745 1772 828 1846 cnjus
850 1768 1080 1846 praedicatorem
1100 1791 1147 1830 me
1164 1772 1295 1833 lnhenter

260 1884 326 1927 csse
346 1869 496 1945 profiteor,
509 1868 907 1947 ·prius³aoteiir,'‘qudmodo
930 1868 1006 1927 illud
1033 1869 1231 1931 adhibendum
1250 1875 1295 1948 sit,

258 1969 345 2043 paulo
366 1968 512 2027 diductius
532 1967 688 2029 descrlho't.
732 1964 854 2024 Scilicet
879 1970 940 2042 ejus
955 1966 1006 2025 'rel
1026 1967 1229 2028 observandae
1249 1988 1297 2048 per

260 2075 386 2141 quatuor
400 2076 495 2125 annot
511 2062 669 2125 mllrl‘data
678 2066 744 2124 mit
754 2068 786 2123 in
797 2062 861 2123 Viri
873 2058 1119 2124 Excellentissimi
1130 2063 1296 2126 Schmal·

259 2164 310 2221 nii
329 2166 506 2224 nosocomio»
516 2167 635 2241 privato
652 2164 808 2224 admodum
819 2164 957 2238 frequens
975 2162 1101 2236 occasio,
1116 2172 1159 2222 'ut
1175 2175 1296 2242 taceam,

184 2302 186 2311 .
260 2259 336 2318 hane
356 2264 560 2337 operationem
574 2261 756 2321 iri¹tlltersls
784 2254 910 2319 omnino*
929 2259 1045 2318 casibus
1066 2258 1119 2319 sub
1140 2266 1297 2338 praecltris

260 2362 346 2434 ejus
367 2354 502 2436 auspiciis
524 2360 799 2435 aliquotiesosme,
819 2359 988 2416 felicissimo
1009 2350 1076 2419 cuns
1095 2378 1238 2422 successu
1254 2365 1296 2422 in·

261 2457 392 2515 stitutum
414 2464 498 2519 esse*
545 2466 568 2481 ''

345 2553 499 2629 Ceterum,
525 2558 554 2614 ri
579 2557 742 2639 (polluunt,
771 2566 850 2634 qnos
865 2552 960 2614 sentio
981 2557 1088 2615 multos
1110 2566 1193 2635 esse,
1221 2561 1296 2620 deri·

261 2666 341 2712 sores
361 2652 446 2732 hujus
465 2654 645 2730 'operationis
662 2653 807 2728 nsethodi,
828 2655 879 2731 qni
899 2654 1072 2712 temeritatis
1091 2656 1160 2714 ideo
1181 2674 1231 2716 nse
1251 2676 1296 2718 ae-

260 2760 379 2824 cusent‚
408 2754 486 2830 qnod
514 2746 617 2811 eontra
638 2770 813 2811 summorum
827 2754 1200 2813 ‘virorum'nuctoritatem
1221 2757 1295 2815 iou

260 2848 433 2923 defendere,
466 2858 497 2908 et
523 2852 606 2927 quasi
634 2859 807 2909 restaurare·
825 2866 915 2908 ausus
936 2851 1008 2925 situ,
1022 2880 1026 2887 .
1039 2854 1077 2909 iis
1097 2853 1294 2928 respondean,

260 2965 307 3002 me
327 2964 363 3003 eo
382 2949 558 3007 instructum
579 2951 675 3007 animo
697 2964 780 3023 esse,
801 2956 836 3006 ut
855 2948 970 3006 mallem
990 2947 1232 3025 reprehensiones
1252 2952 1295 3010 vel

258 3040 375 3118 iniquas
392 3045 489 3119 terre,
511 3056 620 3122 quarm*
636 3046 716 3123 qnod
734 3046 913 3124 experientia
934 3057 1115 3129 compertum
1134 3046 1248 3124 haheo,
1266 3048 1293 3107 id

258 3139 349 3198 libere
370 3142 453 3201 ellari
475 3144 616 3205 desinere.
702 3164 705 3171 ’
1110 3156 1117 3169 ’

343 3241 401 3308 ont
420 3260 491 3300 vero
509 3245 662 3302 levitatem
683 3248 772 3318 etque
795 3244 970 3300 tenuitatem
996 3240 1118 3319 hujusce
1138 3243 1231 3303 libelli
1249 3262 1292 3303 re·

142 3318 146 3327 ’
256 3335 448 3413 prehendant,
467 3343 518 3415 ils,
540 3341 619 3418 qnod
640 3339 786 3415 objiciam,
806 3340 869 3398 iere
890 3338 963 3398 nihil
982 3339 1087 3414 haheo,
1112 3353 1233 3416 praeter
1250 3345 1291 3400 ia·

258 3439 339 3515 genii
358 3437 556 3501 infirmitatem
582 3439 782 3516 temporisque
806 3438 845 3496 ad
866 3430 1053 3498 scribendum.
1073 3439 1145 3498 mihi
1166 3444 1291 3500 concessi

260 3533 442 3600 brevitatem.
598 3540 601 3545 ⁴

345 3636 450 3713 Accipe
467 3637 575 3715 igitur,
596 3631 782 3701 benevole
802 3637 948 3708 lector,
968 3633 1047 3693 hunc
1066 3638 1291 3715 qualemcunque

227 3734 230 3743 ¹
258 3729 387 3791 lihellur'n
406 3730 655 3806 es'lmmanitate‚
677 3750 735 3808 qua
756 3732 881 3791 doctiori
893 3746 954 3810 ‘par
975 3743 1032 3807 est,
1054 3744 1085 3793 et
1101 3737 1128 3792 si
1143 3753 1203 3811 qne
1220 3736 1291 3793 iorte

259 3830 317 3888 alia
344 3834 457 3893 ratione
484 3850 531 3891 me
559 3830 745 3891 dissidentem
772 3848 790 3890 a
816 3841 853 3889 te
882 3826 1087 3912 cognoveris,'
1104 3830 1199 3910 eoquo
1218 3834 1289 3892 ieras

183 3992 188 4003 ¹
260 3929 355 3987 aninro
376 3940 463 4009 atque
485 3930 608 3991 lihernli.
651 3918 731 3992 vole.
