2728 4960
175 373 363 450 innuen
398 393 461 443 ou
494 358 902 448 renuarourxruu.
994 398 1060 465 sps

101 552 184 637 liare
205 564 314 619 autem
332 550 423 621 lens,
453 550 541 627 cujus
562 554 597 610 in
616 550 782 613 solutione
801 554 999 632 operationis
1025 552 1063 613 fi·

19 658 20 687 i
45 650 79 706 uis
97 651 188 709 unice
207 645 338 713 nititur,
374 661 446 700 earn
465 645 529 703 init
554 638 750 707 soliditatem
777 658 810 703 et
835 644 1002 719 duritiem,
1028 659 1066 704 ut

46 750 187 796 menstruo
209 731 274 794 hoc
294 730 432 792 emolliri
452 729 677 813 liquefierique
702 753 772 795 non
790 749 918 814 possen
950 735 1065 805 crebro

46 846 123 899 tero,
146 839 300 904 provecta
320 828 508 902 praesertim
529 839 652 897 aetate,
682 825 773 885 tarde
792 827 896 887 solum
919 847 957 887 ac
974 827 1065 887 lente

45 917 186 998 procedit,
214 937 251 976 ac
271 918 404 975 nonnisi
424 919 564 993 repetito
589 920 664 975 artie
685 915 803 977 auxilio
824 915 937 997 aliquis
958 918 1065 979 editur

46 1008 168 1073 effectus.
205 1007 272 1068 Ubi
291 1028 363 1068 vasa
384 1006 581 1088 lymphatica
599 1007 664 1083 jam
683 1010 778 1067 nimis
797 1011 922 1083 stricta,
943 1009 1000 1069 ubi
1020 1016 1066 1071 vis

47 1123 140 1164 sorum
166 1099 338 1161 resorbens
365 1099 552 1172 debilitata,
577 1118 641 1159 nec
666 1098 816 1159 resolutis
841 1103 1071 1180 suscipiendis,

47 1208 90 1257 aut
105 1195 252 1272 susceptis
272 1191 358 1252 ultro
378 1189 534 1252 vehendis
554 1205 644 1262 sunt,
671 1190 729 1252 ubi
748 1195 881 1252 coecitas
909 1195 973 1269 jam
992 1199 1064 1273 ipso

46 1302 182 1347 narasmo
202 1286 362 1364 gignitum
393 1298 448 1343 aut
466 1281 525 1342 ubi
542 1296 602 1360 per
619 1295 735 1342 statum
754 1282 942 1344 morborum
962 1302 1063 1367 syste-

46 1379 119 1437 nstis
142 1373 330 1456 lymphatici
355 1378 592 1454 resorptienero
617 1377 804 1456 requisitam
832 1394 902 1436 non
922 1379 1086 1438 futuram.

46 1467 204 1546 praevideri
222 1481 348 1546 potest,
383 1466 535 1547 adeoque
564 1462 649 1528 haee
672 1469 708 1525 in
734 1482 867 1526 censum
892 1468 958 1544 jam
979 1488 1067 1529 sum·

47 1574 119 1636 ptam
136 1557 310 1620 efficaciam
332 1574 477 1619 exserere
497 1578 567 1621 non
586 1557 691 1629 valet,
728 1564 955 1636 operationem
981 1556 1072 1619 hanc,

48 1651 160 1731 amplius
178 1650 316 1713 iudicari
334 1667 406 1711 non
425 1649 529 1724 duco,
559 1670 623 1710 nec
647 1647 751 1711 ullum
771 1656 976 1726 operantium
997 1650 1066 1729 ejus

47 1763 103 1803 esse
120 1748 226 1816 animi,
249 1760 316 1820 quo
337 1743 510 1820 ancipitem
530 1739 692 1821 operandi
719 1736 911 1807 methodum
933 1743 982 1803 illi
1009 1762 1067 1807 en.

47 1847 207 1913 reponeret,
229 1853 294 1915 qua
311 1832 466 1907 velocius,
487 1837 655 1911 tutiusque
664 1837 834 1915 magisque
844 1831 978 1903 definite
991 1851 1068 1896 sco·

46 1943 107 2001 puro
125 1930 249 2006 assequi
270 1938 373 1986 certus
392 1927 431 2003 ¹).
470 1925 579 2003 Quare
601 1939 767 1989 momente
784 1921 867 1991 haec
887 1938 964 1993 aute
982 1943 1064 2003 ope-

45 2019 182 2076 rationem
199 2016 305 2096 probe
327 2015 552 2095 expendenda.
843 2072 847 2079 .

107 2109 237 2188 Gsprula
255 2129 333 2171 vero
354 2128 467 2169 secura
484 2126 585 2169 manu
605 2105 1067 2185 determinatisquednctibus,

47 2216 100 2257 acu
121 2203 266 2262 acerrima
292 2205 329 2263 in
353 2198 450 2265 lobos
477 2215 739 2278 quaquaversum
765 2196 980 2266 discindenda
1007 2213 1065 2273 est,

44 2303 75 2348 ut
91 2287 193 2352 horum
211 2311 313 2353 nexus
333 2304 462 2350 mutuus
482 2293 527 2349 ite
547 2289 691 2364 tolletur,
710 2307 778 2370 quo
797 2286 872 2359 illa,
892 2294 919 2350 si
937 2309 1070 2353 nonna·

45 2380 76 2440 lis
91 2382 156 2455 fuit,
176 2384 338 2444 destructe
356 2381 519 2443 ulterioris
539 2383 725 2443 nutritionis
745 2392 917 2458 potestate,
940 2383 1074 2461 facilins

47 2478 194 2550 exsiccari,
222 2476 388 2555 corrugari
415 2485 513 2551 atque
539 2473 710 2550 perstantis
733 2483 806 2529 cum
824 2472 944 2534 zonula
965 2475 1069 2539 ciliari

47 2563 228 2631 cohaesionis
246 2571 279 2627 vi
296 2579 385 2626 retro
403 2583 519 2624 uveam
537 2560 657 2622 retrahi
677 2577 812 2644 cogatur
833 2580 904 2623 non
928 2564 1067 2642 emplius

47 2655 115 2718 obex
131 2664 210 2720 visui
227 2676 374 2736 unquam
392 2654 512 2715 futura.
557 2654 592 2714 Si
617 2672 696 2714 vero
715 2653 887 2714 obscurata
904 2657 985 2714 vasis
1006 2653 1068 2714 ob·

45 2755 150 2811 emetis
168 2748 330 2812 resorberi
348 2749 476 2828 nequit,
495 2748 522 2806 si
535 2761 633 2824 nexu,
647 2744 852 2826 aequabilius
868 2746 1068 2821 expensione

20 2844 21 2853 ’
48 2848 190 2924 conugari
210 2863 248 2904 ac
266 2854 354 2902 retro
374 2856 490 2898 uveam
509 2832 630 2909 retrahi
648 2837 842 2917 impeditur,
871 2834 1068 2897 dissectione

47 2933 196 3012 impetrata
212 2933 250 2996 id
268 2932 381 2995 saltem
401 2928 470 3008 ejus
488 2931 525 2988 in
543 2925 673 3003 medio,
699 2942 738 2988 ut
758 2925 830 2988 fieri
852 2928 972 3006 pessit,
1000 2923 1071 2987 sifi·

47 3027 122 3089 citur.

107 3120 208 3199 Quam
225 3115 425 3197 jucundum,
451 3109 714 3195 quamque‘utile
732 3108 798 3186 jam
817 3107 905 3177 foret
920 3111 948 3179 si
968 3128 1064 3188 eupe-

47 3204 103 3270 ditu
120 3208 198 3273 haec
216 3226 283 3271 tam
302 3206 410 3269 facilia
430 3218 548 3279 essent,
568 3218 605 3263 ut
622 3201 784 3279 videntur,
804 3204 832 3264 si
850 3198 992 3280 ubique„
1006 3197 1066 3263 ubi

46 3347 348 3377 Q———uy—-ae

73 3436 98 3502 1)
113 3439 250 3495 celeberr.
272 3443 364 3495 Beer
387 3439 462 3494 hane'
487 3435 713 3494 dissertationem
736 3433 881 3511 perlegens
906 3445 1070 3509 sequentem

101 3523 157 3562 ase
173 3509 274 3564 iactam
293 3508 507 3562 adnotationem
524 3505 612 3561 inseri
628 3505 727 3580 petiitt
1011 3556 1018 3571 l

71 3570 139 3627 Cum
163 3593 255 3631 autern
276 3576 449 3650 experientis
473 3594 526 3630 nos
544 3575 656 3636 edocet,
680 3571 725 3625 uti
750 3584 918 3644 quoquestt
942 3564 1077 3646 catalogo·

119 3644 215 3724 roprio
240 3645 274 3698 de
293 3643 487 3705 cataractosis,
512 3643 545 3696 iu
569 3642 674 3716 quibus
698 3638 825 3712 operatio
846 3658 861 3691 a
879 3654 924 3688 me
940 3648 1073 3697 inscrtum
1132 3662 1133 3665 ¹

100 3661 172 3783 iqui
196 3712 342 3786 hucusque
354 3711 440 3779 vmille
458 3712 592 3765 ducentos
610 3705 816 3782 quinquaginta
834 3719 957 3779 quatuor
975 3719 1072 3780 nume·

101 3782 164 3849 ret)
188 3780 293 3854 quovis
315 3792 464 3835 momento
481 3777 667 3834 demonstrari
683 3788 791 3848 potest,
820 3791 904 3846 quam
922 3769 1072 3844 ,plurumos

107 3861 235 3903 esserscts
252 3854 379 3904 venatos¹
393 3866 454 3904 etse
471 3845 628 3906 seniculus,
654 3860 731 3897 mere
750 3840 908 3914 decrepitos
925 3853 1069 3912 uteunque

106 3911 223 3988 rigidos,
251 3915 391 3970 solutioni
414 3932 442 3970 et
464 3913 640 3989 resorptioni
662 3909 746 3964 lentis
771 3926 873 3982 opacae
898 3904 1069 3975 nullomodo

105 3977 238 4047 faventes,
255 3984 414 4053 luculenter
431 3983 538 4045 etism,
553 3996 585 4037 ut
600 3993 708 4054 pateat,
728 3993 837 4032 necesse
854 3991 905 4040 est,
920 3972 1069 4045 heterony-

106 4050 197 4107 xidern
214 4055 333 4129 proprie
350 4052 392 4109 sie
409 4051 515 4109 dictatu
532 4050 650 4109 nonnisi
666 4050 731 4104 rsr'u
749 4061 814 4104 uns
831 4045 986 4170 iudicsstam
1005 4061 1073 4098 esse.

941 4131 1006 4168 eor.
