2728 4960
254 390 471 470 Hossnn
506 403 894 471 ιιιιιιιιειιιο.
1021 408 1096 481 rofi

84 614 99 621 ,,
131 570 299 642 Ἀῂιιωιοι
312 574 388 645 1509
405 582 513 644 usque
534 561 577 639 ad
597 570 667 634 1811
689 577 755 625 tam
767 565 996 646 frequentibus
1014 571 1097 652 opha

64 660 195 737 thalmiis
214 676 344 736 semper
362 653 613 717 recidivantibus
635 669 668 715 et
686 659 768 715 visui
778 660 823 719 ita
850 654 991 722 infensis
1011 664 1099 725 infe·

8 780 9 803 ι
64 774 166 829 statur,
185 767 223 814 ut
241 749 389 811 militiam
410 746 560 811 deserere
581 762 770 831 cogeretur,
789 749 887 812 melo
895 751 1099 831 pedetentim

62 855 267 915 increscente,
288 858 386 921 aeger
401 842 453 897 vix
473 857 544 898 non
562 840 634 897 visu
652 832 796 917 orbatur.

133 943 180 1001 O
169 937 243 997 ulis
266 938 311 992 ita
331 933 524 1002 constitutis,
548 949 646 1010 aeger
666 950 754 994 enno
773 942 848 1005 1815
865 934 1028 1000 Viennam
1046 961 1102 1002 re-

66 1035 119 1096 diit
134 1027 227 1092 aclb.
242 1025 331 1086 Prot.
351 1023 510 1091 Beerio
523 1022 676 1085 auxilium
695 1028 863 1102 petiturus.
891 1027 995 1088 Cauta
1015 1028 1099 1110 oph-

63 1122 235 1200 thalmiae
218 1136 264 1180 ιιι
284 1116 363 1187 ciliis
382 1120 499 1196 spuriis
517 1119 623 1194 parvis
644 1114 871 1189 albicantibus,
895 1118 1056 1193 elimbo
1047 1143 1101 1185 m·

60 1230 150 1277 terno
169 1204 444 1291 pullulantibus,
454 1218 487 1266 et
511 1203 665 1265 morbose
693 1207 735 1266 ad
755 1198 892 1267 bulbum
912 1209 1001 1270 oculi
1020 1233 1101 1279 con-

64 1309 163 1379 versis,
184 1302 249 1360 sive
269 1303 304 1358 in
325 1296 568 1358 distichiasi
587 1296 825 1358 inveniebatur.

128 1392 221 1455 Haec
240 1389 443 1471 pseudocilia
461 1395 567 1451 statim
588 1369 788 1465 evelluntur,
819 1392 911 1471 quod
930 1380 1102 1482 hucusque

61 1504 150 1549 nemo
171 1476 374 1543 medicorum
399 1474 556 1542 lecerat
547 1502 582 1542 ιιι
611 1501 709 1563 aegro
735 1489 867 1559 nostro,
903 1504 950 1547 ne
974 1496 1101 1551 mentio

64 1576 189 1661 quidem
208 1573 340 1633 illorum
360 1570 445 1630 facta
469 1586 553 1648 erat3
591 1571 648 1632 illa
676 1578 842 1652 operatio,
870 1569 950 1635 ciliis
972 1576 1101 1660 semper

63 1674 170 1729 iterum
190 1662 448 1739 renascentibus,
468 1674 545 1742 post
564 1662 700 1743 aliquod
718 1677 846 1753 tempus
866 1674 1041 1747 repetitur,
1068 1688 1103 1736 et

63 1759 110 1820 tali
133 1760 262 1819 ratione
283 1776 359 1816 cure
377 1752 577 1835 protrahitur
594 1775 656 1835 per
682 1765 723 1825 13
735 1774 883 1831 menses,
909 1765 1035 1824 interea
1054 1771 1103 1825 vi-

64 1872 110 1911 sus
134 1849 230 1910 valde
259 1845 486 1921 emendatur,
499 1864 571 1906 non
597 1844 765 1918 obstante,
796 1852 877 1927 quin
903 1851 1104 1932 ophthalmitt‘

62 1932 241 2031 praesertim
270 1951 426 1997 autumno
455 1952 487 1997 et
507 1936 623 2021 hyeme
643 1940 827 2019 saepissime
846 1945 1103 2010 recrudesceret.

127 2025 210 2094 Cum
231 2044 330 2112 aeger
348 2044 540 2108 perannum
551 2028 681 2088 Vrenna
692 2028 829 2103 abesset,
851 2030 1102 2100 ciliorumevul·

62 2129 146 2188 sione
166 2127 293 2184 interea
314 2120 490 2204 diligenter
511 2124 718 2193 continuata,
741 2135 773 2181 et
792 2117 862 2182 aliis
883 2132 957 2188 artis
976 2126 1103 2197 auxiliis=

61 2220 263 2307 nequaquam
289 2210 467 2294 neglectis,
493 2225 593 2272 status
622 2210 795 2272 oculorum
822 2233 951 2296 semper
975 2228 1039 2282 ruit
1066 2229 1105 2287 in

63 2304 168 2385 pejus,
204 2324 270 2386 qua
295 2302 336 2366 de
359 2325 456 2366 causa
477 2306 595 2363 iterum
617 2323 652 2362 se
674 2303 809 2363 contulit
820 2306 982 2368 Viennam
1005 2314 1106 2374 curae'

62 2396 97 2458 cl.
116 2400 166 2460 Pr
186 2399 325 2458 Beerii
353 2415 390 2456 se
408 2393 633 2460 submissurus.
670 2391 721 2453 Ibi
745 2393 860 2454 eadem
881 2394 1044 2478 therapia,
1066 2415 1104 2465 ut

63 2507 142 2565 arno
169 2490 291 2566 priore,
323 2507 385 2567 per
410 2505 478 2566 19
471 2503 599 2544 menses
613 2489 855 2561 continuetur,
895 2507 959 2567 qua
988 2492 1105 2556 oculo.

40 2581 133 2654 ⁴rum
154 2575 301 2639 conditio
333 2597 409 2637 mox
437 2573 586 2647 melior,
594 2576 786 2656 moxpejor,
808 2600 884 2639 cum
904 2596 1000 2683 causa
1014 2600 1104 2691 mors

63 2667 133 2730 bum
149 2666 313 2728 sustinens
326 2670 468 2727 amoveri
490 2678 562 2727 non
583 2669 701 2744 potuit.

125 2761 184 2820 His
197 2758 350 2821 omnibus
364 2778 426 2838 per
441 2768 545 2819 annos
558 2761 719 2818 incassum
735 2763 956 2836 tentatis,1mo
968 2728 1106 2830 moriana

60 2851 251 2913 anciliorum
280 2846 501 2930 productione
525 2870 585 2929 per
609 2833 695 2908 banc
712 2852 912 2914 evulsionem
931 2862 1104 2922 continua

61 2943 118 3007 ιἰιιι
139 2945 250 3021 potius
273 2956 396 3015 aucta,
421 2936 482 3001 Dr.
501 2940 649 3022 Jaeger
671 2936 808 3003 limbum
837 2959 1003 3006 externum
1029 2956 1110 3012 cum'

61 3030 203 3101 omnibus
220 3032 312 3108 ciliis,
326 3048 396 3094 turn
408 3038 490 3094 veris
508 3047 576 3092 tum
591 3035 725 3114 spuriis,
741 3056 921 3117 eorumque
938 3038 1104 3107 radicibus

62 3112 242 3186 exscindere
266 3129 460 3191 constituit.
487 3119 579 3199 Haec
599 3130 747 3204 operatio
768 3132 805 3189 itt
827 3143 967 3208 utraque
987 3132 1111 3237 palpe-

60 3214 112 3278 bra
124 3221 292 3316 superiore
308 3216 466 3296 bipartitis
484 3215 608 3278 vicibus
631 3219 775 3278 instituta
796 3233 853 3281 est.
891 3221 1024 3285 Praeter
1045 3210 1110 3288 fris.

60 3308 194 3388 §dam
175 3318 293 3387 squam
308 3307 405 3369 oculo
426 3328 486 3388 per
501 3309 629 3390 aliquot
648 3307 744 3369 horas
760 3308 965 3389 adplicatam,
987 3308 1111 3381 vulneJ

57 3405 177 3475 ratione
187 3399 337 3480 alioquin
350 3403 476 3480 exigua,
492 3419 568 3463 cura
578 3398 772 3460 secundaria
786 3418 856 3459 non
865 3402 1112 3486 requirebatur.'

125 3493 205 3552 Mox
219 3507 296 3573 ppst
310 3495 539 3571 operationem
555 3496 686 3553 evanuit
708 3482 949 3583 photophobia‚
966 3500 1106 3580 epiphon

58 3601 100 3665 ra,
115 3580 222 3653 dolor,
237 3593 359 3660 etpost
375 3585 421 3658 ι4
424 3579 493 3641 dies
509 3585 735 3661 conjunctivae
757 3574 971 3666 degeneratio
986 3596 1112 3668 pannis

57 3660 212 3751 formis,
209 3671 357 3733 adhibito
378 3669 475 3731 simul
495 3673 584 3734 laud.
604 3672 687 3754 liqu.
703 3671 801 3756 Sydh
826 3674 911 3745 adeo
931 3680 1113 3746 imminuta

59 3780 138 3838 erat,
163 3780 200 3825 ut
223 3768 308 3826 visus
334 3761 439 3824 multo
455 3764 573 3826 melior
590 3765 753 3839 evaderet,
774 3778 871 3847 quam
884 3766 994 3845 multis
1008 3777 1110 3837 annis*

60 3870 150 3917 autea
161 3856 284 3918 fuisset.

124 3947 254 4011 Pennus
271 3947 332 4009 sub
343 3948 567 4010 remediorum.
577 3949 796 4013 iudicatorum
812 3973 873 4013 usu
887 3973 963 4012 mox
978 3954 1105 4019 deinde

53 4042 177 4114 penitus
204 4042 381 4123 extinctus,
416 4061 455 4101 ac
475 4036 676 4118 ophthalmia
707 4045 847 4122 insequo
878 4060 1036 4112 autumno
1063 4064 1119 4115 et·

55 4123 164 4207 hyeme
174 4148 359 4213 nunquam,
372 4145 409 4192 ut
423 4129 588 4211 prioribus
603 4137 715 4212 annis,
728 4135 844 4213 rediit,
859 4141 944 4215 visus
967 4149 1107 4221 inpraes-
