2746 4964
273 301 315 363 88
425 323 427 331 ·
561 299 848 361 'lonnroscnn
873 314 1018 360 mnsnrs

198 514 201 519 ,
273 456 407 527 rentiam
417 474 562 536 congruas
580 456 740 540 dixeris,·a
757 458 848 519 totins
865 455 1029 536 mgscnmi
1037 456 1200 533 metris
1213 456 1286 514 unna

275 572 345 611 sane
360 554 484 617 recedit.
524 552 590 612 Hac
603 555 741 615 nimirum
757 557 823 634 lege
840 572 953 634 organa
967 560 1138 615 constructa
1151 553 1286 628 cernimus,

274 660 324 725 nt,
346 669 421 729 qnae
442 652 579 730 utrinque
600 663 754 715 externum
771 636 867 719 sitam
882 648 1006 724 habent,
1027 649 1084 711 sibi
1103 650 1287 727 respondeant,

274 751 385 828 pariter
405 750 521 809 interna
542 751 682 825 internis,
703 769 741 807 ae
760 748 864 811 nullibi
884 750 1065 811 contrarium
1083 757 1223 810 ocenum.
1255 745 1289 826 Et

274 846 332 924 ipsi
358 848 435 905 oculi
461 848 504 905 ita
532 849 685 911 constituti
711 857 797 923 sunt,
826 856 998 933 utputa,
1022 865 1043 907 a
1064 844 1160 905 media
1179 845 1289 922 corporis

276 945 326 1003 axi
346 942 536 1021 aequabiliter
557 956 704 1021 remotae,
733 945 790 1012 sibi
816 953 999 1026 congruant,
1025 943 1094 1002 illae
1122 960 1206 1015 raro,
1229 959 1287 1018 qnae

276 1038 485 1118 adaequalem
503 1045 563 1100 loci
583 1043 777 1109 differentiam
806 1044 962 1122 dispositae
988 1042 1063 1115 sint,
1092 1040 1235 1101 dissimiles
1251 1057 1288 1098 re·

181 1206 182 1209 ¹
275 1141 434 1218 perientur.
475 1137 549 1199 lnde
570 1143 680 1218 elucet,
707 1144 734 1200 si
753 1144 927 1223 principium
948 1139 1133 1217 aequalitatis
1152 1155 1288 1215 supposue-

275 1239 328 1310 ris,
350 1256 410 1296 non
430 1238 584 1319 imagines,
606 1239 642 1299 ab
663 1240 767 1301 eodem
787 1242 887 1301 mum
905 1241 1000 1341 lpterc
1018 1237 1169 1310 formatas,
1187 1234 1236 1294 sed
1251 1252 1287 1292 ess

275 1344 389 1409 contra,
410 1353 485 1412 quae
508 1340 639 1413 opposita
659 1348 791 1413 teneant,
811 1338 920 1399 unitati
939 1345 1077 1412 aspectus
1089 1335 1288 1394 convenire.-

235 1422 238 1429 '
276 1433 316 1491 At
335 1438 406 1494 vero
428 1435 641 1512 simplicitatem
661 1438 785 1519 intuitus
806 1455 866 1497 non
884 1436 1004 1517 satiem
1020 1432 1213 1495 similitudinis
1230 1428 1289 1505 fisn',

275 1533 450 1611 monuimus.
493 1533 578 1601 Quod
598 1535 762 1615 evidentius
782 1531 896 1614 patebit
911 1529 1152 1605 memorantibus,
1172 1529 1289 1608 singem

277 1631 429 1707 utriusque
450 1631 528 1689 ocdli
548 1631 691 1693 visionem
712 1637 774 1710 jam
801 1633 912 1705 strictis
934 1630 1089 1701 relationis
1106 1626 1217 1709 legibus
1235 1623 1288 1685 dell·

232 1741 243 1760 ’
278 1729 352 1811 piri,
390 1738 425 1786 ut
454 1710 600 1804 objectum
631 1740 803 1790 constanter
832 1732 867 1793 in
896 1729 993 1787 locum
1020 1745 1109 1789 snnrn
1135 1725 1288 1787 sermnem.

278 1822 390 1893 Quodsi
409 1843 481 1905 ergo
501 1829 624 1906 geminis
646 1839 782 1902 utamur,
804 1838 1057 1903 nonposnumus,
1081 1825 1154 1901 qrrin
1171 1821 1290 1898 objectos

278 1924 315 1982 iis
336 1924 427 1998 locis,
461 1924 500 1982 ad
520 1944 595 2002 qnae
616 1927 796 2009 singulorum
816 1924 920 1986 relatio
945 1923 1059 2003 tendit,
1091 1931 1187 1985 mente
1210 1920 1289 1995 depre-

278 2020 457 2096 hendamue3
488 2023 610 2100 proinde
630 2028 701 2089 vera
720 2024 882 2097 identitatis
906 2038 997 2083 causa
1015 2022 1105 2081 unice
1125 2022 1157 2079 in
1174 2017 1289 2077 conditio·

279 2120 365 2205 nibus
385 2120 551 2199 quaerenda
572 2133 636 2197 est,
657 2121 762 2203 quihus
783 2122 836 2196 fit,
856 2131 891 2184 nt
911 2122 1068 2195 utriusque
1089 2119 1167 2179 oculi
1185 2114 1290 2195 lepesin

280 2218 357 2278 idem
377 2220 465 2299 spatii
485 2221 587 2280 visorii
604 2230 746 2299 punctum
766 2227 969 2302 contemtui-1

367 2509 484 2572 Wells
501 2511 529 2588 ¹)
551 2515 690 2613 intuitum
710 2515 886 2595 simplicem,
916 2511 1088 2590 subjeetiris
1107 2514 1189 2595 snae
1204 2502 1291 2587 lt'zllll

282 2611 398 2668 omnino
419 2615 581 2692 neglectis,
610 2632 627 2673 c
654 2617 724 2689 solis
745 2613 874 2679 externis
893 2611 1060 2690 requisitio,
1092 2613 1113 2672 i.
1135 2630 1162 2673 e.
1189 2617 1291 2686 congrue

282 2726 437 2785 corporum
458 2714 516 2793 situ
538 2714 714 2791 explicavit,
735 2730 840 2791 quem,
863 2711 952 2770 variis
973 2710 1113 2786 periculis
1134 2710 1291 2772 illmnatnn,

283 2806 321 2864 ad
341 2807 459 2866 easdem
477 2810 563 2885 plane
584 2810 747 2889 horopteris
767 2811 897 2890 regulas,
918 2825 990 2887 qnss
1007 2812 1072 2885 tam
1087 2806 1194 2869 dndnm
1207 2798 1292 2882 sgui-

282 2904 411 2963 lonins
433 2915 589 2982 statuerat,
610 2897 773 2971 revocaret.
815 2909 856 2967 At
874 2908 908 2967 in
924 2905 1100 2982 exponenda
1115 2904 1247 2984 diplopisc
1258 2913 1293 2957 rt·

283 3001 365 3060 tione
385 3012 433 3060 sat
446 3002 527 3080 xbene
545 3010 712 3087 perspexit,
740 3006 828 3065 situm
858 3006 903 3085 rei
931 3015 1123 3081 apparentem
1148 3020 1206 3062 non
1222 2999 1293 3060 niul·

284 3116 303 3158 a
323 3103 489 3161 voluntaria
507 3107 585 3165 oculi
604 3094 764 3166 directione
786 3120 873 3179 quam
891 3122 909 3181 a
925 3103 1042 3179 punctis
1057 3103 1187 3174 retineo,
1211 3095 1293 3156 lunilt

284 3195 415 3273 affectis,
445 3202 581 3277 pendere.
626 3202 741 3262 Cuncta
768 3204 846 3261 enim
872 3210 1010 3277 aspectus
1035 3194 1294 3282 geminationes
1336 3206 1337 3209 ’

285 3314 370 3355 mena
387 3297 426 3355 ad
443 3316 508 3359 eam
524 3312 672 3377 tamquam
689 3302 855 3382 generalem
875 3298 1072 3379 conditionem
1087 3296 1210 3368 celent,
1228 3285 1295 3368 ollis

285 3396 418 3474 utrisque
438 3396 542 3457 axibus
563 3399 602 3459 ad
623 3402 782 3475 simplicem
803 3401 898 3458 rmum
919 3398 1106 3474 compositis,
1137 3413 1172 3454 ac
1192 3393 1249 3453 dein
1264 3384 1295 3443 αἱ·

286 3496 412 3552 teroain
440 3481 723 3571 praeternaturalem
743 3500 832 3561 situm
854 3496 987 3575 detorto,
1019 3495 1173 3569 confestim
1191 3491 1232 3549 1⁶1
1247 3497 1295 3561 spe·

285 3593 346 3648 cies
368 3591 550 3669 duplicetnr3
582 3597 739 3676 imaginem
765 3596 879 3653 scilicet
906 3593 1051 3653 diversam
1079 3594 1190 3652 renum
1209 3590 1296 3664 ΡΜ

288 3707 432 3765 occupare
454 3689 631 3766 arbitratur,
663 3703 696 3752 et
715 3693 830 3770 quidem
851 3694 914 3751 sine
935 3693 1097 3751 mutatione
1116 3689 1212 3761 ideae,
1237 3692 1296 3739 mil·

289 3789 417 3848 culorem
446 3791 522 3848 oculi
552 3798 662 3851 statum
690 3790 886 3875 designantis}
922 3807 991 3851 nam
1015 3797 1151 3859 cessante
1177 3779 1296 3862 pffllilll

325 4079 355 4148 1)
372 4081 403 4135 L.
422 4100 444 4136 c.
467 4090 536 4154 pert.
554 4082 601 4161 m'
625 4102 686 4157 pag.
704 4085 746 4139 57.
764 4102 821 4155 sqq.
889 4060 892 4069 ’
