2762 4960
240 403 281 450 vt

244 560 384 634 ratione
410 560 572 632 destituti
597 578 699 648 sunt,
737 586 807 658 qua
840 560 992 633 minoris
1025 562 1277 658 amplitudinis

243 695 370 783 libros,
394 697 454 768 sed
470 695 515 768 ab
534 714 748 793 argumento
769 696 1031 784 instructiores,
1056 715 1275 787 exterorum,

243 857 284 902 ac
307 832 524 904 nominatim
549 837 812 905 Germanorum
837 832 934 928 apud
959 829 1177 928 bibliopolas
1201 858 1275 905 non

222 954 387 1038 ¹venales
411 968 624 1063 acquirant.'

321 1107 418 1173 Haec
443 1129 544 1174 causa
571 1101 664 1190 fuit,
701 1127 766 1175 cur
790 1102 931 1199 ipsein
958 1103 1110 1197 patriam
1135 1100 1276 1191 urbem,

243 1262 336 1337 quae
371 1239 472 1333 quasi
515 1237 639 1339 forum
681 1262 876 1310 commune
912 1237 1197 1333 bibliopolarum
1239 1256 1277 1310 et

242 1375 453 1469 commercii
481 1373 632 1445 literarii
664 1373 776 1443 totius
801 1374 1011 1445 Germaniae
1039 1390 1112 1460 est,
1147 1398 1194 1444 ex
1212 1372 1279 1447 iti·

241 1534 329 1581 nere
354 1486 473 1607 rednx'
494 1506 591 1609 baud
617 1506 747 1578 inutile
765 1531 856 1603 opus
881 1506 1059 1602 suscipere
1081 1526 1178 1581 ratus
1199 1507 1280 1582 fue·

242 1644 333 1730 rim,
367 1644 398 1715 si
425 1645 536 1715 talem
562 1642 817 1716 collectionem
844 1660 1016 1739 pararem.
1075 1624 1280 1717 Firmamnt

242 1776 281 1848 id
312 1779 489 1874 propositi
519 1778 557 1850 in
585 1802 644 1849 me
670 1776 903 1849 celeberrima
932 1777 1083 1849 illorum
1110 1776 1278 1877 virorum

243 1914 428 2018 exempla,
468 1931 511 1983 ut
544 1911 753 1995 Holleri,
790 1906 1043 2007 Ludwigii,
1077 1914 1276 2002 Frankii,

244 2049 448 2133 Reussii,
476 2048 541 2142 qui
567 2046 648 2118 talis
675 2048 833 2141 suscepti
859 2048 1058 2117 utilitatem
1086 2069 1278 2140 agnoscen-

244 2199 298 2254 tes
333 2181 425 2252 milri
456 2183 499 2253 ad
525 2206 651 2253 meum
677 2199 849 2253 conatum
879 2183 952 2254 suis
980 2182 1156 2254 institutis
1180 2208 1281 2280 prae-

243 2316 401 2388 iverunt.

321 2453 388 2522 Sed
408 2450 500 2522 'cunr
526 2453 570 2523 ad
596 2452 633 2525 id
659 2455 733 2547 jam
759 2470 911 2524 ventum
936 2469 1009 2538 est,
1046 2467 1169 2524 utres
1196 2477 1282 2524 con·

244 2585 404 2676 finiatur,
429 2613 521 2682 quae
544 2589 609 2660 diu
633 2590 757 2660 animo
782 2606 954 2685 concepta
980 2604 1072 2675 erat,
1098 2587 1187 2659 baec
1212 2589 1282 2660 mi·

244 2720 284 2793 hi
309 2698 489 2794 monenda
513 2723 650 2819 putavi.

244 2845 252 2859 ’
290 2860 293 2869 ’
329 2861 371 2926 In
406 2854 670 2929 collectionem
695 2859 787 2928 hanc
819 2858 959 2928 nullam
992 2854 1125 2926 intrare
1158 2874 1282 2951 passus

246 3015 328 3069 sum
349 2991 712 3078 commentationem,
737 3016 829 3088 quae
852 2981 928 3060 non
954 2989 1114 3062 continet
1140 3017 1195 3063 res
1217 3018 1284 3065 no·

246 3149 328 3214 vas,
351 3142 415 3197 aut
434 3126 580 3229 propria
596 3151 680 3198 cura
703 3140 907 3197 retractatas
927 3140 964 3195 et
981 3149 1076 3237 nova
1095 3129 1283 3234 experien-

247 3261 298 3337 tia
324 3260 469 3350 ditatas,
495 3260 645 3359 quibus,
672 3286 764 3358 quae
777 3260 951 3332 nondum
970 3260 1054 3335 satis
1081 3261 1282 3358 liquebunt,

248 3398 367 3473 allatis
392 3396 495 3470 factis
513 3395 618 3469 nouis
638 3392 884 3469 dilucidentur
899 3394 938 3467 'et
953 3394 1174 3470 'firmentum'
1191 3397 1284 3472 'Ubi

247 3516 425 3630 integram
450 3533 736 3637 dissertationem
763 3531 968 3631 reciperes
997 3556 1037 3604 re
1060 3557 1137 3606 esse
1151 3522 1282 3607 ''visum

248 3686 417 3756 nonest,
445 3670 544 3766 quod
561 3669 637 3763 ejus
655 3685 911 3766 argumentum
935 3693 982 3739 ex
1006 3684 1087 3741 toto
1109 3669 1182 3741 huc
1206 3694 1283 3742 non

248 3802 460 3900 pertinebat,
476 3823 617 3900 partem
626 3788 858 3899 dominodam
868 3804 946 3897 ejus
960 3803 1109 3892 extraxi,
1125 3803 1164 3875 id
1179 3804 1281 3901 quod

239 3938 288 4009 'in
321 3941 390 4011 hoc
415 3939 534 4037 primo
562 3939 752 4013 volumine
784 3963 870 4012 cum
902 3957 1170 4038 programmate
1197 3966 1281 4037 exp.

249 4075 581 4159 Hesselbachii
610 4074 750 4152 factum
783 4100 860 4152 esse
889 4074 1052 4163 crimini,
1087 4093 1131 4149 nt
1161 4100 1279 4173 spero,
