2728 4960
275 386 346 468 164
434 379 616 460 Jancna
649 397 710 443 nn
737 371 1141 455 rtnna‘ronrm‘rnn.

274 556 420 638 pupillae
441 557 595 612 continuo
614 571 796 632 resurgens,
817 573 880 612 nec
893 568 986 632 ,post
998 559 1033 630 14
1045 555 1112 616 dies
1127 562 1191 638 ‘per
1210 563 1303 641 pupil-

275 652 340 710 lam
369 648 529 724 superiori
555 642 698 710 ,dimidio
726 643 862 704 liberam
898 645 971 724 plus
1005 646 1092 722 lucis,
1114 650 1303 728 admittebat,

279 756 376 820 quam
397 736 440 798 ad
457 740 617 797 incessum
637 733 809 796 sufficeret.
852 814 854 821 Ι
1138 753 1142 759 ·

551 1009 556 1015 .
609 932 862 1024 Observatio
890 965 990 1027 VIII.

318 1086 495 1167 „Galasek
513 1086 667 1167 Iosephus
691 1097 735 1158 15.
765 1106 886 1148 annum
907 1109 1005 1171 agens
1025 1087 1179 1161 suffusam
1197 1095 1308 1158 lenton

281 1196 314 1243 et
333 1178 515 1258 capsulam,
545 1200 582 1263 ac
608 1178 693 1239 hanc
720 1186 853 1258 insuper
874 1201 945 1238 cum
973 1181 1056 1241 iride
1077 1201 1256 1247 concretam
1274 1194 1308 1249 si·

276 1276 381 1333 nistro
401 1275 436 1328 in
457 1268 560 1330 'oculo
588 1268 751 1352 gestabat;
789 1268 883 1346 hujus
911 1281 1131 1334 concrementi
1157 1278 1309 1340 solutions

188 1375 193 1381 ’
281 1362 330 1427 bis
352 1381 471 1439 nempe,
493 1361 546 1422 die
567 1370 613 1440 24.
639 1363 737 1438 Maii,
766 1363 879 1429 etdie
905 1364 934 1425 6.
963 1364 1050 1424 Junii
1071 1377 1140 1438 18¹¹
1163 1375 1309 1432 incassum

280 1467 416 1523 tentata,
437 1453 508 1510 lens
530 1452 635 1512 soluta
658 1469 723 1527 est,
753 1453 883 1530 capsula
915 1473 993 1513 vero
1021 1476 1092 1515 cum
1112 1461 1196 1521 iride
1218 1461 1310 1523 adhuc

279 1563 375 1616 nexa,
393 1541 551 1623 pupillam
570 1543 654 1622 plus,
676 1564 772 1623 quam
791 1546 932 1606 mediam
953 1565 1105 1625 opacans,
1125 1555 1228 1613 visum
1247 1573 1308 1633 par·

246 1670 258 1687 ,
283 1655 357 1698 cum
376 1633 525 1695 admittit.

628 1881 880 1942 Obsernacio
917 1886 981 1944 IX.

357 2003 479 2086 Elgner
497 2004 712 2087 Magdalena:
734 2006 923 2067 adolescens
945 1996 1179 2088 insanorum,
1209 1992 1313 2091 consti·

286 2101 422 2157 tutionis
441 2093 569 2164 firmam
589 2113 663 2175 post
683 2101 887 2176 eruptionem
911 2115 1035 2160 crustae
1046 2099 1172 2163 lacteae
1193 2109 1312 2186 ingena
1350 2180 1351 2189 ἵ

285 2186 396 2247 dextra
415 2174 523 2248 subito
544 2188 624 2248 lucis
645 2205 825 2251 commeatu
845 2210 905 2269 per
925 2188 1054 2251 oculum
1077 2195 1224 2270 ejusdem
1244 2199 1314 2256 late·

282 2280 325 2337 ris
347 2271 615 2337 cataracta'molli
633 2285 786 2357 privatur.
823 2282 914 2340 Haec
934 2281 987 2340 die
1006 2283 1035 2342 6.
1055 2285 1231 2347 Decembr.
1253 2297 1310 2356 181¹
1350 2314 1351 2373 1

284 2387 345 2427 acu
365 2371 498 2446 ancipiti
517 2368 724 2429 multifariam
754 2370 909 2446 dissecta,
947 2380 1143 2453 resorptioni
1173 2378 1315 2445 traditurt

281 2462 411 2521 interne
445 2459 667 2519 antimonialia
698 2466 924 2539 propinantur.
978 2466 1090 2525 Crusta
1118 2466 1225 2527 lactea
1252 2481 1314 2548 post
1350 2546 1351 2551 η

280 2546 400 2609 aodies
418 2548 564 2622 evanida,
587 2564 742 2611 cataracta
760 2551 933 2631 gelatinam
947 2558 1225 2635 repraesentabat,
1245 2581 1316 2640 quo·
1350 2580 1351 2593 ¹

268 2639 363 2709 tidie
382 2644 482 2723 magis
504 2638 710 2718 diaphanam,
733 2662 769 2702 ac
789 2644 921 2704 tandem
941 2652 975 2707 in
994 2665 1174 2729 segmenta,
1198 2652 1314 2712 admo·
1350 2654 1351 2669 ¹

211 2772 214 2781 ι
281 2730 360 2793 dum
379 2731 474 2792 lentis
493 2739 704 2795 macerationi
726 2735 908 2811 subiectae,
935 2738 1095 2799 fatiscens.
1114 2736 1164 2811 3'0.
1185 2744 1226 2803 ab
1248 2765 1315 2824 ope·
1350 2776 1351 2813 y

281 2825 411 2881 ratione
433 2821 485 2881 die
507 2825 636 2885 residua
656 2824 891 2889 obscurationis
918 2830 1075 2908 particula
1100 2836 1135 2891 in
1165 2853 1315 2894 cameram

282 2914 421 2971 anticam
440 2912 590 2990 prolapsa
609 2911 747 2974 floccum
766 2921 896 2978 niveum
918 2922 1160 3002 crystallisatum
1189 2946 1313 3005 praese

273 2999 409 3073 ,ferens,
425 3046 428 3055 .
444 3006 500 3078 qui
521 3002 620 3062 altera
641 3005 693 3065 die
716 3008 759 3067 ad
777 3010 915 3071 fundum
934 3030 1050 3091 sponte
1070 3016 1241 3084 demersus
1263 3039 1315 3098 pu·

270 3089 394 3169 ‘pillum
414 3089 563 3154 liberavit
587 3097 744 3160 visionem
769 3105 896 3184 integro
920 3104 1075 3167 reducem
1093 3127 1166 3171 non
1187 3111 1314 3192 amplius
1350 3180 1351 3195 χ

283 3181 488 3260 impediens..

633 3433 881 3500 observatio
919 3438 965 3504 Χ.

352 3559 491 3622 ¹Sollner
515 3563 700 3627 Franciscus
725 3577 889 3648 septennis
914 3594 997 3652 puer
1024 3579 1153 3657 capsula
1182 3598 1218 3644 et
1237 3584 1318 3645 lenta
1350 3594 1351 3659 ξ

282 3651 450 3730 utriusque
474 3655 561 3734 oculi
580 3656 706 3719 suffusis
725 3675 817 3720 natus
826 3704 837 3735 ,
858 3660 960 3727 bulbo
982 3682 1044 3745 tam
1064 3673 1267 3749 inconstans,
1286 3687 1318 3734 ut
1350 3670 1351 3679 ’

282 3733 335 3798 hic
362 3738 439 3803 bina
469 3744 522 3804 die
547 3756 595 3818 50.
622 3736 778 3810 Dec'ernb.
808 3762 876 3823 18¹1
906 3772 939 3817 et
967 3770 1011 3830 ¹8·
1038 3763 1317 3839 Jan.1812facta,
1350 3758 1351 3767 ἵ

280 3828 341 3888 sub
363 3829 596 3917 lteratonyxide
617 3835 706 3900 hasta
728 3842 877 3909 Pamartii
897 3843 1044 3930 fi'gendus
1064 3855 1170 3915 fuerit.
1193 3855 1319 3918 Inflant·
1350 3872 1351 3879 ’

277 3924 378 3987 matio
400 3929 509 4003 quavis
529 3934 598 3988 vice
618 3930 754 3993 subnata
776 3953 891 4015 sponte
913 3947 1054 4004 cessavit.
1082 3947 1230 4021 Alteram
1249 3930 1319 4029 port

277 4018 502 4087 operationem
533 4018 622 4080 lente
656 4043 862 4106 consumpta,
906 4037 1056 4112 capsulae
1091 4054 1317 4103 remanserunt
1350 4034 1351 4105 l

682 4105 689 4115 Α

276 4119 397 4178 opacae
415 4112 516 4169 risum
534 4116 570 4174 in
589 4127 729 4195 utroque
751 4119 845 4212 oculo
865 4123 1040 4187 turbantes.
