2744 4960
258 403 445 464 cottana
477 418 541 462 nn
572 416 690 464 num.
721 418 889 486 aquiro.
1023 419 1092 490 257

73 566 201 634 maneat.
225 571 344 648 'Saepo
363 590 424 651 pus
442 574 478 631 in
494 569 607 631 altiore
625 589 763 635 corneae
781 574 852 635 loco
868 572 1004 639 haerens
1022 594 1095 639 sem

73 669 122 727 sin
141 677 248 724 tamen
273 666 309 721 in
330 662 438 724 locum
457 662 665 725 decliviorem
684 664 882 729 descendere
902 666 994 728 solet.
1032 671 1097 729 Pu-

74 760 109 815 ris
127 759 238 832 exigua
259 758 420 832 quantitas
448 753 625 834 aliquando
651 769 768 833 sponte
793 758 1086 821 naturaeretorhe

72 840 122 908 tur.
143 845 321 906 Abundans
335 864 413 905 vero
427 849 523 923 copia
536 865 675 906 corneae
689 845 831 908 lamellas
847 849 899 909 vel
918 856 1095 911 anteriores

73 937 116 997 vel
128 935 326 1016 'posteriores
345 941 524 1015 perrumpit
543 953 576 999 et
594 937 684 998 ulcus
705 932 813 1010 efficit,
832 941 858 996 si
873 939 980 1015 foras,
993 939 1097 1023 hypo·

72 1033 171 1107 pium,
196 1032 222 1087 si
241 1024 338 1086 intus>
356 1040 527 1092 eructetur.
563 1031 690 1093 *Totam
720 1046 859 1093 corneae
886 1030 1094 1103 substantiam

72 1120 227 1207 perforans
245 1116 365 1180 fistulas
386 1122 498 1209 gignit.

516 1357 546 1451 ἱ·
586 1362 634 1434 57·

314 1513 606 1613 ‘staphyloma
633 1531 837 1609 corneae„
875 1585 880 1591 q

108 1675 111 1681 ¹
141 1684 394 1749 Inflammatione
421 1678 473 1752 sic'
493 1688 590 1749 dicta'
603 1694 755 1751 corneam
778 1689 815 1747 in
842 1681 1098 1762 indurationem

80 1784 329 1859 suppurationem
349 1784 482 1841 transire
498 1780 565 1855 jam
582 1779 727 1843 'vidimin
781 1779 874 1843 Uarus
902 1782 968 1858 ejus
997 1778 1104 1855 entus,

77 1884 153 1928 nunc
173 1875 311 1930 examini
323 1878 440 1932 'nostro
460 1870 623 1949 superest,
664 1874 823 1939 acervatio
842 1884 961 1950 nempe
981 1869 1099 1933 humus

74 1977 136 2018 rum
154 1956 349 2042 aquusorum
371 1964 407 2020 in
425 1964 494 2046 ipsa
515 1961 581 2037 ejus
606 1960 795 2051 substantia,
814 1959 958 2040 hydrops
975 1960 1099 2022 scilicet

77 2069 212 2115 corneae.
250 2053 335 2111 Nam
356 2051 398 2111 de
420 2051 605 2113 corneitidis
626 2058 712 2112 exitu
728 2056 769 2112 ¹in
789 2066 1005 2134 gangraenam
1024 2048 1099 2109 nul·

74 2138 144 2215 lum,
162 2147 195 2202 ni
212 2142 321 2216 fallor,
342 2141 522 2222 exemplum
542 2157 651 2203 exstat.
672 2143 728 2206 ‘ln
747 2141 953 2223 ophthalmiia
972 2138 1098 2200 violan-

73 2234 113 2295 tir
129 2252 217 2314 saepe
237 2253 358 2300 cornea
378 2236 580 2306 intumescit,
603 2231 694 2309 alba,
722 2253 826 2312 opaca
848 2247 881 2296 et
899 2229 1004 2292 mollia
1023 2228 1099 2291 red·-

76 2319 163 2383 ditur.
205 2322 401 2389 intrinsecus
425 2325 644 2386 intumescent
672 2344 792 2386 cornea
819 2340 993 2385 cameram’
1007 2336 1100 2382 ante·

74 2414 181 2475 riorem
202 2416 323 2477 claudit
341 2413 523 2495 iridemque
546 2420 659 2499 tangit,
689 2420 881 2477 extrinsecus
902 2419 1099 2501 coniinstar

74 2503 253 2582 protuberat
281 2504 595 2589 (conophthalmos).
638 2507 793 2589 Magnam
812 2506 1099 2571 inde'deformita·

75 2606 147 2669 tem,
168 2601 376 2670 coecitatem,
402 2597 492 2656 iridis
518 2614 551 2656 et
570 2595 713 2658 hur'no'ris
740 2597 1043 2678 aqueiprolapsunt
1061 2602 1099 2657 in

77 2700 227 2749 extensam
241 2689 309 2766 ejus
324 2686 532 2751 substantiam
545 2692 671 2769 gignit·
694 2688 854 2747 Mutuavit
866 2701 989 2747 nomen
1005 2700 1100 2746 auum

77 2783 145 2850 haec
176 2794 292 2850 vitiosa
321 2788 568 2870 protuberantia
601 2809 620 2849 a
654 2807 770 2871 graeco
798 2783 899 2846 verbo
926 2774 1100 2861 σταφυλη,

77 2899 139 2956 uva,
159 2902 227 2964 quo
247 2880 447 2963 staphyloma
469 2879 568 2942 audit.
618 2877 656 2938 In
676 2876 769 2956 hujus
790 2875 897 2938 morbi
914 2876 1008 2936 initio
1023 2886 1101 2936 ‘cor-

78 2987 132 3032 nea
149 2976 292 3046 tenuior,
314 2993 409 3053 quam
428 2975 463 3032 in
478 2985 563 3030 statu
580 2970 720 3031 naturali
735 2984 782 3031 est
801 2971 833 3047 (S
844 2988 911 3029 car
917 2967 1102 3046 pa)‚·post·

79 3079 112 3120 ea
137 3083 215 3124 vero
249 3061 348 3122 densa
381 3062 556 3143 aliquando
585 3077 618 3122 et
650 3061 730 3122 callo
759 3060 916 3122 obdurata
949 3061 1099 3118 cernitur.

76 3150 262 3234 Plerumque
282 3152 424 3213 humoris
445 3158 541 3230 aquei
561 3159 655 3237 copia
674 3152 874 3225 diminuitur,
893 3167 969 3209 nam
985 3161 1101 3230 opera·

78 3248 153 3305 tione
179 3244 420 3326 staphylomatis
447 3260 578 3323 peracta
603 3263 701 3324 parva
727 3241 845 3324 liquidi
872 3244 1036 3321 quantitas
1055 3241 1102 3301 ef·

77 3331 148 3396 fluit.
197 3337 236 3396 ln
255 3339 379 3416 magnis
400 3333 686 3417 staphylomatibus
708 3353 832 3394 camera
853 3330 941 3392 oculi
960 3334 1103 3389 anterior

77 3445 164 3507 saepe
185 3442 253 3489 tota
275 3442 395 3506 quanta
416 3425 524 3488 deficit
544 3428 665 3505 irisque
686 3444 825 3485 corneae
844 3419 1010 3482 incumbit.
1035 3420 1103 3478 Tu·

76 3539 139 3580 mor
156 3522 226 3581 fere
253 3538 380 3599 semper
408 3533 440 3577 et
465 3513 655 3597 palpebram
680 3514 868 3576 inferiorem
895 3508 1047 3588 deprimit
1071 3523 1104 3570 et

79 3615 205 3690 ectropii
226 3609 322 3670 causa
340 3607 375 3668 fit
392 3610 436 3688 ²).

82 3784 378 3815 ι--ι-ιι-σ-ὸ-ι-ι-ι·

108 3925 134 3993 ι)
154 3923 250 3996 [Quod
266 3922 434 3979 admodum
450 3922 629 3981 formationis
647 3920 887 3995 staphylomatum
897 3920 1103 3994 spectetscam·

142 4010 221 4067 pares
239 3991 327 4046 velim
352 3991 406 4046 dib.
430 3990 654 4065 daWalther
677 4005 704 4043 et
726 3987 1021 4048 uectiumsneuer
1036 3981 1104 4039 Cin·

139 4078 194 4114 ron
212 4078 273 4115 von
290 4061 439 4116 Textur.
473 4058 542 4121 Vob‘
558 4062 581 4113 Ι.
608 4067 709 4134 psam]
1023 4070 1027 4075 “
