2722 4956
319 395 502 461 cosanum
532 378 845 464 inrsrosocrce.
1062 410 1104 474 21

51 569 194 628 claritate
221 578 261 628 ct·
278 571 442 629 serenitate·
463 574 586 647 primum
615 572 728 632 obtinet
755 573 862 641 locum.
880 648 885 652 ἲ
905 572 1104 644 Nihilominus

50 677 88 726 et
107 669 259 726 violaceus
282 671 381 743 celer,
414 669 546 729 admixto
574 669 660 744 elbo,
689 672 727 730 ed
756 674 912 739 maximam
941 677 1104 735 claritatem

46 776 153 844 potest
173 767 312 843 perduci:
342 769 461 827 minime
482 779 639 832 autemus
663 787 697 826 rc
718 769 753 828 fit
773 772 923 850 vegetior3
952 773 1023 849 quin
1042 775 1103 833 imo

45 865 150 943 magis
178 863 272 923 adhuc
300 867 439 945 languet,
471 870 582 945 pallet,
614 869 804 945 proximeque
832 870 946 933 accedit
973 870 1011 928 ad
1039 891 1112 933 eam,

46 962 116 1020 albi
137 963 276 1042 nigrique
291 965 468 1038 mimirum,
496 985 582 1043 quam
600 966 747 1029 cinereum
768 968 898 1027 colorem
918 986 1024 1027 uocare
1044 971 1104 1027 lin-

48 1079 133 1141 guae
153 1080 200 1118 mc
222 1063 302 1141 cogit
322 1063 431 1140 inopia,
476 1062 574 1122 Simili
599 1065 713 1121 ratione
736 1067 851 1123 colores
874 1075 976 1142 suapte
997 1050 1108 1144 sceptra⁸
1174 1118 1177 1123 ,

46 1161 129 1218 olari
154 1159 319 1237 lucidique,
347 1160 477 1219 admixto
497 1165 602 1242 nigro,
623 1180 677 1239 prs
698 1162 786 1220 libito
808 1162 1020 1239 obscurantur,
1045 1184 1103 1242 quo

46 1259 175 1337 negotio
208 1259 328 1333 perinde
356 1262 489 1320 nativum
520 1263 662 1321 amittunt
688 1263 837 1340 vigorem
866 1264 964 1325 ueluti
993 1283 1058 1325 cum
1085 1285 1102 1322 e

46 1355 132 1415 flavo
151 1356 187 1415 lit
206 1357 317 1420 fuscus.
360 1358 511 1438 Erigere
526 1361 624 1439 'igitur
653 1360 783 1423 colorum
811 1378 992 1437 cognoscere
1018 1362 1102 1434 licet,

46 1464 154 1514 uuum·
169 1456 243 1532 'puri
271 1458 333 1515 siut
361 1457 399 1515 ab
428 1458 604 1517 omnialbo
632 1458 758 1536 nigrore
785 1456 957 1520 adventitio.
1002 1458 1037 1516 ln
1066 1479 1102 1517 co

46 1556 152 1630 itaque
176 1561 255 1619 statu
277 1556 369 1613 multo
391 1559 502 1632 majore
522 1558 656 1615 claritate
683 1555 764 1615 albet
796 1555 890 1614 flavus
920 1574 1008 1632 quam
1035 1558 1101 1615 vio-

45 1654 152 1711 laceus
173 1652 270 1710 color:
299 1653 405 1713 exinde
434 1674 505 1733 crgo
527 1656 747 1733 cognoscimus,
775 1655 859 1715 illum
886 1656 981 1715 multo
1008 1660 1102 1732 majo·

45 1771 115 1811 rom
134 1751 291 1827 bipartitae
313 1752 438 1811 actionis
460 1754 575 1811 retinae
596 1763 708 1829 partem
730 1750 868 1811 exhibere
897 1770 984 1830 quam
1012 1752 1101 1826 bunc,

47 1856 165 1927 utpote·
178 1850 246 1926 qui,
276 1851 518 1925 complementum
540 1849 772 1928 ejusacfficieus,
801 1852 886 1909 luten
907 1869 1008 1909 omnes
1038 1870 1126 1913 ma·.

1 1971 2 1992 ³
48 1951 132 2009 xime
155 1947 433 2012 est'tenebrjcosus.
481 1960 496 1975 '¹
558 1926 582 2013 1¹
631 2006 635 2013 ,

138 2045 299 2125 Pergamus
321 2056 417 2107 autem
438 2048 471 2111 iu
492 2050 692 2126 explicatione
710 2046 906 2125 phaenomcni
932 2059 1000 2111 ante
1030 2069 1100 2108 ccu-

45 2152 97 2207 los
127 2145 226 2222 positi
271 2143 363 2205 Disco
392 2128 470 2205 llere
491 2153 554 2224 jam
576 2128 789 2211 substituamus
818 2150 1131 2220 auruntiaoum„

45 2250 68 2310 i.
94 2263 119 2307 e.
148 2243 276 2321 erubro
297 2244 413 2307 ssavum.
457 2246 530 2325 Ejus
558 2248 697 2307 intuitum
732 2255 878 2321 spectrum
907 2244 1101 2322 subsequetur

1 2340 4 2391 Ῑ
45 2345 278 2406 coeruleum.
322 2343 614 2418 Animadvertamus,
636 2345 701 2421 pari
721 2344 825 2422 gradu,
847 2328 905 2421 quo
927 2344 1102 2407 color-disci

1 2464 2 2494 i
44 2444 88 2502 sb
115 2442 230 2511 albore.
248 2441 374 2515 secedit,
410 2442 503 2503 cidem
533 2445 763 2520 appropinquprc
789 2452 944 2519 spectrum.
999 2441 1099 2501 Minus
1168 2450 1176 2459 “

45 2539 260 2603 annumeret
277 2539 356 2599 ssavo
379 2542 483 2601 colors
510 2543 713 2615 aurantiacus;
740 2542 839 2619 magis
856 2539 979 2616 proinde
1004 2541 1102 2599 viola-

44 2661 102 2699 ceo
127 2640 309 2718 ⁸coeruleus,
346 2641 449 2715 quippe
484 2642 534 2715 qui
561 2640 726 2721 aurantiuci
758 2647 804 2696 est
825 2641 1097 2714 complementum.

43 2738 123 2799 Iside
144 2739 355 2816 intelligimus,
385 2739 665 2797 acnanemretinac
693 2737 862 2814 bipartitam
887 2741 949 2813 jam
973 2737 1005 2793 in
1029 2754 1099 2811 par-

44 2851 97 2899 tes
112 2839 223 2895 'minus
249 2837 420 2911 inaequales
447 2838 525 2895 inter
553 2854 586 2894 sa
619 2836 798 2897 discessisse.
841 2833 936 2892 Plane
964 2836 1102 2910 aequales

1 2966 3 2976 ν
45 2937 179 3013 denique
205 2935 302 3007 fient,
332 2934 383 2991 ubi
411 2935 523 2994 discum
552 2935 704 3001 rubrum
736 2943 880 3010 spectrum
907 2933 1101 3010 subsequetur,

43 3035 187 3096 viride.
231 3033 397 3095 Rubrum
423 3046 521 3092 autem
541 3035 671 3095 colorem
697 3033 828 3113 intelligi
856 3034 925 3093 uolo
952 3034 1054 3106 illum,
1081 3051 1100 3091 a

1 3161 22 3194 2
46 3132 218 3195 Goethie
250 3148 473 3210 purpureum
501 3133 631 3207 dictum,
662 3150 705 3191 »ne
730 3131 882 3205 minimum
905 3131 1022 3207 quidam
1048 3141 1107 3188 aut

43 3238 82 3294 in
101 3234 274 3305 violaceum,
296 3234 400 3290 autin
422 3235 626 3293 aurantiaeum
643 3241 822 3310 vergentem.
868 3229 1023 3305 Spectrum
1048 3248 1098 3286 so-

42 3337 130 3405 lere,
157 3332 296 3408 prismate
317 3329 470 3405 ellectum,
498 3334 668 3408 neutiquam
690 3349 758 3389 eum
780 3326 914 3400 exhibet,
943 3327 1003 3385 sed
1030 3337 1099 3415 tpa-

42 3443 112 3493 tnm
135 3448 150 3486 e
171 3430 262 3488 rubro
280 3428 400 3504 ilerum,
419 3430 483 3487 sive
506 3431 722 3488 aurantiacum:
749 3436 887 3485 attamen:
898 3435 983 3501 potes
998 3426 1096 3497 ‚etiam

41 3530 198 3609 prismatis
220 3530 425 3606 ope-calorem
444 3546 514 3587 vero
540 3528 660 3587 rubrum
689 3527 877 3602 conspicere,
906 3525 1044 3595 nimitum
1072 3526 1099 3583 si

41 3629 189 3690 bacillum
209 3627 544 3699 horisontalcm'illum‚
576 3626 724 3691 fenestrae
745 3620 944 3701 specularibus
965 3622 1098 3699 interpo-

42 3731 156 3801 situm,
183 3746 234 3803 per
255 3728 365 3803 prisma
386 3726 611 3801 contemplaris:
645 3729 729 3800 cujus
750 3726 797 3781 rei
824 3724 969 3781 rationem
997 3720 1097 3779 Goe-

42 3824 113 3887 tlse
142 3828 250 3903 opt-ime
276 3824 413 3887 reddidit.
464 3823 597 3887 Chcmicc
626 3825 830 3882 carminum
857 3839 960 3900 purum
991 3828 1021 3876 et
1048 3837 1097 3877 aa·

40 3938 148 3985 turum
175 3944 241 3982 aum
269 3925 397 3983 colorem
426 3923 553 3985 exbibet.
596 3920 657 3981 Hic
677 3923 769 4000 igitur
791 3923 873 3978 color
890 3939 961 3978 uere
982 3916 1097 3975 ruber

44 4024 85 4083 ab
115 4024 252 4082 albedine
279 4006 396 4080 tantum
424 4022 530 4095 distat,
552 4030 706 4098 <quantum
735 4021 823 4077 etium
854 4020 1096 4094 complementum

43 4127 132 4200 ejus,
156 4124 248 4182 vcalor
267 4139 373 4198 nempe
394 4121 524 4196 perlecta
552 4120 709 4181 viridis:
738 4117 923 4195 quamobrem
943 4125 1098 4191 utrumque

39 4227 160 4301 justum
181 4221 333 4281 dimidium
353 4222 479 4285 actionis
502 4223 618 4281 retinas
639 4225 777 4279 accusato
793 4217 950 4293 bipartitae
970 4216 1098 4275 existere
