2744 4960
329 776 831 849 PROOEMIUM.

466 925 699 945 *a*

56 996 247 1129 Tunigam
266 1041 426 1125 'corneam
452 1038 686 1123 humoremque
714 1046 744 1105 ei
767 1042 936 1107 finitimum
955 1057 1096 1117 examini

52 1124 511 1226 physiologicofpathologico
527 1140 634 1202 denuo
647 1139 847 1225 submittere,
871 1148 958 1223 mihi,
980 1154 1092 1217 disses.

53 1238 190 1317 tationis
210 1236 378 1291 materiam
393 1235 573 1319 quaerenti,
595 1252 677 1319 opus
689 1252 752 1319 uec
765 1237 1011 1318 infructuosum,
1031 1267 1094 1309 nac

53 1330 233 1405 proposito
244 1318 422 1402 >‘indignum
441 1314 619 1403 ridebatur.
660 1324 749 1400 Quin
774 1333 860 1387 varia
879 1324 964 1392 'mihi
984 1337 1095 1399 aderat

55 1437 167 1489 causa,
188 1435 246 1473 cur
265 1412 341 1473 huic
359 1419 544 1492 praesertim
564 1419 709 1489 materiei
730 1437 861 1497 operam
879 1420 1091 1489 libentissimo

55 1527 213 1568 navatem
232 1506 353 1564 animo.
381 1500 477 1561 Haud
496 1503 566 1562 lave
585 1504 714 1581 scilicet,
727 1514 854 1569 tunicae
873 1529 1007 1578 nostrae
1023 1541 1094 1580 mu·-

55 1618 122 1658 nus
145 1601 230 1654 etin
249 1593 410 1670 morbosis·
434 1594 520 1673 oculi
549 1592 774 1658 allectionibus
801 1615 847 1661 est
872 1610 958 1666 etin
981 1629 1097 1689 opem.

56 1687 206 1751 tionibus
226 1681 469 1764 ophthalmicis,
491 1685 607 1764 quibus
627 1695 742 1747 nostris
761 1699 946 1768 praesertim
967 1714 1094 1779 tempo.

55 1781 152 1842 ribus
187 1774 485 1856 ophthalmologiae
517 1775 678 1859 doctrina
706 1778 805 1839 ditata
837 1782 908 1842 fuit.
930 1792 932 1795 ’
954 1789 1093 1869 Magnus

53 1892 159 1953 porro
189 1881 414 1950 aegrotorum,
453 1865 617 1955 oculorum
639 1857 759 1929 morbis
786 1871 1019 1953 laborantium,
1058 1886 1097 1954 in

55 1965 144 2023 alma
166 1960 479 2039 Georgia-Augusta
504 1955 669 2017 confluxus
690 1958 731 2017 ad
751 1958 990 2027 observationes
1011 1975 1096 2035 circa

51 2069 204 2117 nostram
223 2054 362 2112 tunicam
382 2046 592 2107 instituendas
613 2053 767 2126 optimam
785 2050 982 2133 largiebatur
1001 2052 1095 2122 occa·

50 2151 198 2207 aionem.
235 2135 553 2200 Dissertatiuncularu
574 2141 672 2216 igitur
690 2137 805 2226 hyeme
826 2152 899 2214 1815
917 2144 1100 2232 Gottingae

51 2257 97 2298 ω
116 2248 227 2313 usque
247 2227 500 2299 elaboraverim,
532 2241 568 2285 ut
588 2224 693 2288 solum
716 2252 787 2293 eam
808 2240 891 2318 typis
912 2241 1097 2306 excutiendi

49 2324 234 2408 negotium
251 2333 437 2402 superesset,
459 2338 530 2379 cum
545 2326 631 2400 gravi
651 2319 739 2381 bello
761 2330 884 2401 patrita
903 2333 1019 2391 iterum
1034 2336 1095 2403 rni-⁴

1 2415 2 2418 ’
49 2434 137 2480 nato
160 2433 257 2498 grave
283 2426 408 2490 tempus
435 2415 550 2470 iterum
575 2413 708 2489 juvenes
737 2417 934 2494 postularet,
976 2431 1033 2504 qui
1061 2439 1094 2487 et

53 2512 177 2587 patrias
198 2503 278 2564 fines
299 2501 513 2563 defenderent
535 2517 566 2561 et
586 2505 698 2565 fratres
719 2510 754 2565 in
773 2513 970 2572 sanctissima
983 2533 1095 2596 pugn.

51 2600 243 2660 vulneratos
265 2613 378 2653 sanare
404 2600 536 2673 operam
560 2595 798 2671 impenderent.
836 2599 972 2675 Abjecta
996 2607 1098 2685 igituru

52 2696 145 2753 omui
167 2690 378 2748 cunctatione
400 2697 431 2743 et
453 2683 642 2759 opusculum
664 2685 705 2744 ad
730 2686 878 2745 ultimum
907 2690 976 2749 fere
995 2693 1094 2758 finam
1119 2732 1121 2739 =

50 2780 249 2861 perductum
271 2790 304 2834 et
323 2774 434 2835 urbem
456 2771 585 2851 reliqui,
607 2771 665 2833 ubi
683 2779 719 2839 iu
738 2776 902 2837 fautorum
923 2791 955 2837 et
975 2786 1097 2846 amico.
1159 2801 1174 2817 ‚.

48 2895 122 2934 rum
141 2869 257 2930 medio
278 2868 361 2925 vitae
382 2862 598 2923 felicissimam
616 2879 753 2943 partem,
774 2866 850 2926 solis
880 2867 980 2930 literis
1002 2873 1094 2936 dedi.

52 2979 156 3023 catam
186 2959 342 3038 transegi.
379 2952 489 3012 Unum
515 2953 591 3014 ideo
620 2973 741 3019 annum
767 2961 802 3017 in
831 2958 905 3021 cura
932 2974 964 3020 et
992 2982 1096 3042 open

51 3053 301 3113 vulneratorum
321 3061 353 3106 et
372 3056 577 3127 aegrotorum
596 3051 631 3107 iu
649 3053 840 3110 nosocomio
860 3049 990 3113 militari
1004 3056 1094 3118 Han·

51 3161 300 3206 noverauorum
319 3152 459 3199 versatus
480 3158 570 3205 sum;
588 3152 665 3196 tunc
685 3139 814 3198 demum
833 3144 868 3200 in
886 3144 1026 3219 patriam
1042 3169 1094 3213 ra·

52 3236 117 3296 dux
136 3234 409 3316 dissertationem
418 3248 489 3290 uon
503 3233 570 3288 siue
585 3229 780 3290 verecundia
800 3230 999 3294 eruditorum
1021 3258 1095 3298 exa·

48 3332 129 3387 mini
157 3322 329 3394 submitto,
352 3340 490 3402 quorum
511 3319 748 3401 indulgentiam
768 3335 801 3381 et
820 3318 1099 3402 approbationem,

47 3417 127 3478 mihi
148 3420 180 3476 si
201 3418 388 3496 impetrasse
402 3414 584 3493 contigerit,
596 3409 736 3491 sublimi,
755 3427 793 3472 ut
809 3413 975 3476 Horatii
993 3416 1108 3481 verba<

48 3528 120 3568 mea
140 3492 276 3577 luciam,
298 3504 411 3564 leriam
431 3503 536 3564 sidere
554 3508 672 3566 vertice
690 3504 730 3581 ²).
1011 3508 1015 3513 ’

81 3726 110 3794 ι)
129 3718 311 3776 Dissertatio
330 3718 396 3774 haec
407 3719 472 3775 viro
482 3718 734 3791 experientissimo.
751 3719 1003 3791 praeclarissimo]
1007 3738 1092 3778 oan-

116 3789 159 3842 ni
186 3785 690 3867 Ba,ptistse·Gol·dschmidt,
708 3786 864 3866 medicinae
889 3789 1000 3844 doctori
1014 3807 1093 3865 praa.

115 3856 309 3917 santissimo,
326 3871 403 3928 patri
420 3855 526 3909 clariss.
543 3870 665 3909 auctoris
683 3854 808 3911 dedicata
825 3872 875 3910 eat.

423 3950 430 3969 ,
546 3945 549 3950 .
640 3946 643 3953 Α

266 4045 280 4076 ,J
431 4030 732 4055 noudum—anum
762 4034 766 4045 ⁴

78 4183 182 4227 Rama
200 4175 294 4238 script.
304 4173 457 4238 aphratem.
466 4173 530 4224 min.
538 4177 560 4222 t.
