2728 4960
258 412 452 469 cornua
484 420 544 471 ar
579 424 694 477 nutu.
729 427 896 495 AQUE0·
953 403 956 408 ’
998 437 1091 515 *³45

15 552 16 599 3
68 584 128 632 cum
149 584 216 635 tota
230 569 602 650 ‚ophthalmiaevanuit-
625 579 796 645 -Velocior
815 607 892 648 vero
917 608 965 657 est
986 617 1091 662 rosor.

66 667 141 741 ptio,
153 704 157 715 .
170 669 198 723 si
216 667 272 723 iris
294 664 482 733 mechanico
496 684 632 750 ‚tantum
650 671 737 733 laesa
744 716 755 746 ,
784 692 821 737 ut
833 683 886 738 in·
896 682 1094 775 koradialysi

63 752 311 837 fit,.sanguinem
330 754 480 819 effundit.
525 761 775 827 tVslocissimam
799 781 1034 850 resorptionem
1056 790 1093 847 in

50 851 172 905 ,rustico
188 849 332 925 quodam
352 850 667 927 juveneobservavi,
693 862 756 930 cui,
780 862 971 935 amilitibus
988 873 1091 956 plagis

15 942 16 953 ¹
63 945 324 1017 pereussoetjn.
341 951 478 1023 regione
493 944 735 1022 -supraorbitali
761 955 877 1013 sinistri
904 960 992 1019 oculi
1019 965 1091 1024 vul.

61 1044 129 1089 nese
153 1026 274 1089 afflicto
295 1036 342 1091 in.
355 1040 555 1101 nosocomio¹
571 1035 750 1121 chirurgico
778 1043 826 1103 lll.
845 1047 1090 1132 Langenbo.

63 1116 284 1197 ckiifoperam
303 1125 477 1202 impendi.»
513 1126 605 1185 Iridis
632 1151 748 1214 magna
772 1155 858 1214 pars·
871 1138 918 1199 ab⁴
939 1141 1089 1211 orbiculo

63 1208 148 1269 ciliari
166 1229 405 1289 separataerat
426 1231 463 1275 et
476 1224 565 1298 regio
578 1219 665 1279 oculi
687 1231 830 1291 anterior
847 1235 1006 1312 sanguine
1018 1237 1090 1314 plo·-

62 1303 174 1361 tissima
195 1304 261 1379 jam
285 1310 380 1365 tertio
402 1307 455 1367 die
475 1328 518 1368 ne
539 1320 705 1397 vestigium
719 1313 813 1377 effusi
832 1314 988 1396 humoris,
1008 1332 1090 1403 quin

62 1389 301 1471 limpidissimum
329 1395 498 1474 humorem
530 1423 671 1482 aqueum
701 1405 883 1471 exhibebat.
934 1413 1089 1492 Quamvis

15 1532 16 1535 ,
61 1486 91 1543 in
105 1488 388 1548 universumviridi:
401 1511 483 1550 eumz
494 1495 616 1555 annulo
647 1496 746 1558 ciliari
766 1497 942 1564 firmissima
953 1530 957 1539 ’
969 1507 1089 1571 cottae„

63 1577 463 1662 sioskoredialysivsaepe
489 1589 626 1645 maxima
651 1590 884 1669 impedimenta
915 1598 1085 1675 objiciens,
1183 1610 1186 1627 '

64 1661 136 1726 haud
150 1691 233 1731 raro
246 1685 357 1733 tamen
383 1682 509 1748 evenit,
538 1692 586 1737 ut.
601 1683 702 1740 nimia
715 1724 719 1733 .
732 1694 1012 1763 conquassatione·
1031 1708 1088 1753 aut

62 1764 394 1843 totiuscorporisaut
413 1774 600 1845 praesertim
621 1778 734 1851 capitis
762 1776 841 1837 haec
867 1781 955 1841 oculi
974 1788 1086 1846 tunica

62 1868 160 1929 sponte
181 1856 222 1915 ab
244 1857 393 1920 orbiculo
421 1860 522 1919 cilisri
548 1864 689 1924 secedat.
740 1868 886 1928 Alterum
914 1871 1008 1950 hujus
1037 1878 1087 1934 rei

61 1947 288 2008 memorabilem
319 1955 713 2017 testem-innosocomio
744 1959 792 2019 ΠΙ.
823 1962 973 2046 Himlyi
1006 1966 1085 2024 vidi.

60 2033 139 2096 Miles
159 2055 240 2109 erat,
260 2044 371 2120 quiin
391 2042 493 2115 bello,
522 2044 613 2121 quod
645 2048 873 2110 Franco-Galli
897 2054 1088 2130 Neapolita-

61 2130 101 2186 nit
116 2130 328 2205 intulerunt,›
344 2132 385 2193 ab
411 2134 498 2194 illius
525 2149 630 2196 terrae
659 2138 769 2199 incula
789 2143 933 2221 quodam
963 2159 1085 2205 tantam

63 2235 123 2277 cum
142 2220 250 2300 sclopo
271 2222 400 2306 plagam
421 2229 456 2285 in
476 2241 590 2303 pectus
612 2236 757 2308 accepit,
788 2249 823 2292 ut
850 2234 957 2296 subito
985 2237 1087 2299 dextri

61 2307 158 2371 latetis
176 2314 296 2373 oculus
308 2319 473 2398 sanguinis
493 2316 608 2395 plenus
629 2336 661 2379 et
680 2325 735 2381 iris
755 2322 795 2382 ab
817 2325 966 2386 orbiculo
986 2328 1086 2389 ciliari

62 2418 229 2465 tecmserst.
247 2468 251 2477 f
268 2402 513 2468 Memorabilius
533 2410 613 2486 fuit,
637 2414 730 2493 quod
747 2415 804 2475 illa
829 2417 919 2476 iridis
938 2435 1087 2496 separata

60 2511 204 2570 pars‘nou
226 2496 363 2575 amplius
383 2497 597 2564 discernenda
616 2518 716 2577 esset,
744 2506 803 2564 sed
822 2513 959 2572 maxima
976 2516 1084 2587 potius

60 2601 133 2661 parte
156 2601 306 2666 resorpta
331 2586 530 2664 videbatur„
547 2595 675 2675 reliqua
701 2612 814 2658 contra
839 2597 985 2660 lunatam
1003 2599 1084 2681 figu-

60 2695 114 2736 ran
131 2677 314 2739 exhibebat.
635 2726 637 2733 ι

508 2761 553 2836 §v
575 2762 623 2824 66.

385 2864 758 2948 Hydropswocuiir

101 2990 195 3054 'Non
215 2991 375 3052 rarissime
402 2995 502 3052 nimia
531 2991 674 3058 humoris
705 3002 800 3079 aquei
828 3003 923 3079 copia
949 3015 1085 3084 genera-

60 3090 108 3155 ων)
124 3101 159 3144 ut
178 3090 213 3145 in
234 3075 420 3164 hydropem
436 3081 546 3154 abeat,
582 3108 756 3164 corneam,
783 3111 876 3171 quae
903 3098 1015 3153 tamen'
1032 3093 1086 3155 bio

57 3180 191 3237 nonnisi
210 3196 272 3255 per
292 3193 484 3234 consensum
506 3176 653 3254 afficitur,
674 3183 954 3244 maxime'rolaxet
982 3192 1085 3248 et‘ui-

58 3263 125 3325 tiose
146 3271 331 3346 prominere
353 3281 457 3348 cogat.
480 3269 604 3330 Malum
626 3287 658 3332 et
677 3266 802 3333 homini
822 3277 984 3336 interdum
1007 3298 1086 3338 con·

57 3362 191 3420 nascitur.
213 3363 217 3369 ’
240 3352 394 3420 Humoris
415 3365 510 3440 aquei
531 3366 743 3442 quantitatem
764 3364 806 3431 ad
826 3384 880 3424 sex
901 3386 1005 3445 usque
1025 3388 1088 3426 un-

58 3438 108 3506 sias
131 3465 257 3510 auctam
280 3449 453 3533 sevidisse
477 3467 612 3517 testatur
637 3457 654 3515 J
662 3477 681 3537 a
689 3459 773 3515 nin.
816 3454 983 3516 Interdum
1009 3456 1082 3516 bul-

57 3537 104 3596 bus
121 3546 166 3600 sic
183 3545 401 3619 intumescere
419 3559 537 3624 potest,
558 3562 594 3606 ut
614 3540 727 3606 oculus
747 3542 835 3606 mole
855 3558 966 3606 auctus
981 3567 1017 3606 ex
1033 3568 1085 3607 or·

57 3621 129 3689 bitae
144 3653 220 3692 cavo
233 3654 268 3711 se
282 3639 440 3714 proripiat
454 3636 642 3716 malumque
658 3643 781 3725 gignat3
801 3637 892 3717 quod
905 3637 1083 3718 buphthal-

55 3718 130 3780 mt'ae
156 3729 293 3787 nomine
321 3734 419 3789 venit.
478 3727 645 3788 Interdum
676 3733 772 3787 etiarn
801 3733 827 3787 si
855 3733 955 3788 nimia
987 3735 1084 3811 aquei

56 3804 183 3874 humoris
219 3824 382 3898 quantitas
408 3834 533 3880 secreta
560 3819 658 3879 fuerit
691 3841 844 3883 corneam
862 3820 866 3827 “
882 3819 1082 3900 disrumpere

48 3919 137 3979 posse
159 3910 304 3989 exempla
326 3931 398 3972 non
418 3911 536 3973 desunt
553 3914 593 3982 ¹).
641 3909 778 3973 Morbus
805 3908 857 3970 hic
884 3919 1018 3974 minime
1045 3931 1082 3980 ut

53 4053 359 4078 fi--n———u-...h-

66 4140 343 4216 aitteitzlrchiv
359 4142 469 4199 farsia
485 4140 683 4218 Physiolog'se.
700 4154 732 4210 5r
747 4145 802 4201 Bd.
822 4163 846 4202 t.
863 4145 942 4203 Halt.
961 4149 988 4208 S,
1006 4155 1050 4214 38.

59 4257 142 4303 Banu
156 4259 246 4323 script.
256 4259 411 4323 qytlrtltolm.
423 4262 487 4309 min.
496 4263 517 4307 1.
641 4332 645 4341 Δ
791 4249 821 4306 lx
