2762 4960
262 422 340 490 vm

313 577 567 659 minorativae
604 598 748 673 semper
784 573 1059 671 dissertationes¹
1095 597 1179 649 cum
1198 600 1302 681 3vete

261 716 429 815 practicis
453 741 480 787 s.
498 715 532 785 d.
551 712 773 808 conjungere
796 710 837 783 in
860 710 1078 801 animoest,
1102 729 1145 783 ut
1169 711 1208 797 in
1232 713 1304 785 hoc

261 852 339 947 jana
377 849 569 924 volumine
614 846 708 937 feci,
764 846 827 917 eui
865 863 937 923 tres
977 847 1303 947 commentationes

263 984 471 1082 argumenti
509 1006 684 1080 perquam
717 981 867 1070 similis,
898 982 945 1065 da
977 984 1157 1080 anatomia
1190 999 1304 1087 atque
1343 1070 1346 1078 .

263 1119 496 1221 physiologia
517 1118 720 1211 systematis
754 1118 863 1191 lentis
894 1118 1123 1222 capstallinae
1153 1099 1306 1213 inserui,¹

264 1280 360 1354 quae
376 1254 542 1352 quamvis
563 1253 772 1349 gravissima
793 1276 867 1346 res,
888 1270 1015 1335 tamen
1040 1254 1085 1343 ad
1106 1277 1191 1326 eam
1218 1277 1305 1353 perg·¹
1336 1331 1338 1337 ,

263 1390 510 1488 spicuitatem,
538 1413 631 1486 quae
652 1388 692 1459 in
715 1387 785 1460 rite
805 1388 1062 1486 perspiciendis
1080 1404 1118 1463 et
1135 1388 1306 1487 curandis

263 1529 456 1602 omlomm
482 1523 621 1597 motbis
647 1523 803 1620 optanda
829 1539 901 1613 est,
921 1524 1101 1617 <nondum
1120 1524 1306 1619 perducta

263 1687 340 1739 esse
367 1660 526 1747 uidetur.
576 1658 833 1757 Unusquisque
864 1682 912 1732 ex
943 1655 1061 1730 tribus
1092 1658 1305 1741 auctoribus

263 1798 398 1899 porum
422 1794 717 1869 dissertationum
744 1795 881 1881 aarum
895 1810 1086 1890 ¹qtaaamm
1106 1769 1302 1907 *anaan-

264 1928 313 2009 tis
337 1949 376 2003 et
400 1928 602 2028 sagacitatis
627 1930 672 2001 ad
696 1953 826 2001 verum
850 1928 1098 2028 indagandum
1119 1928 1306 2026 impendit

264 2085 313 2155 et,
338 2067 379 2136 ni
395 2088 538 2161 prorsus
557 2062 668 2157 {aldor
688 2062 825 2155 judicio
842 2064 1023 2160 equidem,
1047 2063 1092 2134 ad
1114 2060 1304 2163 scientiam

262 2199 550 2299 promovendam
566 2223 695 2295 operae
709 2222 794 2271 suae
808 2201 969 2295 pretium
983 2197 1081 2288 fecit,
1097 2222 1217 2296 neque
1231 2206 1302 2270 suo

262 2361 383 2432 neque
405 2332 635 2407 eruditorum
656 2334 813 2407 *nomine
828 2332 1111 2429 poenitendum.
1171 2331 1303 2406 Leib-

262 2468 405 2556 leini,
446 2492 544 2547 nunc
580 2469 621 2539 in
659 2468 841 2563 academia
870 2464 1146 2564 Herbipolitana
1179 2491 1304 2563 prose·

263 2603 374 2677 ctoris
400 2618 584 2699 praeterea
611 2601 814 2701 dissertatio
839 2602 1051 2699 auctoritate
1080 2602 1138 2675 111.
1163 2604 1306 2674 Doel·

262 2738 445 2836 lingeri
464 2739 718 2831 commendata
736 2755 800 2827 est,
818 2740 890 2835 ‚qui
909 2762 1031 2809 rerum
1049 2753 1142 2810 anat.
1158 2753 1195 2810 et
1209 2738 1304 2833 phy-

262 2872 346 2946 siol.
360 2869 559 2947 indefessus
574 2890 610 2945 et
628 2870 721 2951 felix
735 2889 979 2969 perscrutator
991 2846 1073 2968 ipse
1087 2872 1182 2945 mihi
1195 2872 1301 2963 dixit,

262 3005 436 3093 libellum
463 3007 601 3078 huncce
630 3006 891 3096 ueibleini,
924 3007 1017 3078 olim
1039 3007 1211 3104 discipuli
1231 3008 1303 3098 sui,

263 3140 436 3239 primum,
452 3138 686 3237 Wirceburgi
709 3140 851 3215 editum
879 3165 991 3241 quam
1024 3142 1186 3221 maxime
1209 3166 1304 3221 cunt

263 3274 338 3349 suis
365 3277 432 3346 hac
458 3275 502 3347 de
526 3299 566 3346 re
591 3277 777 3350 sententiis
801 3276 1006 3351 convenire.

342 3416 468 3485 Restat
500 3408 594 3501 iam,
627 3428 670 3482 ut
696 3410 782 3484 viris
811 3411 1107 3509 praeclarissimis
1135 3429 1174 3485 et
1197 3437 1305 3510 expe·

265 3544 512 3635 mentionatis,
547 3547 629 3642 qui,
665 3561 708 3617 ut
739 3547 809 3621 hoc
838 3544 1001 3644 pgimum
1030 3549 1207 3621 volumen
1231 3549 1306 3623 suis

265 3679 632 3755 commentationibus
646 3682 876 3772 adornatam,
897 3681 1205 3781 indulgentissimi
1223 3708 1304 3779 per·

266 3817 454 3904 miserunt,
470 3838 539 3913 pro
551 3815 621 3888 hac
633 3841 762 3891 eorum
781 3816 1036 3893 benevolentia
1051 3820 1181 3916 gratias
1197 3841 1304 3916 agam

268 3975 378 4050 quam
417 3974 565 4046 possum
603 3952 778 4029 maximas
785 3979 798 4038 ς
843 3954 1037 4053 praecipue
1072 3970 1197 4029 autem
1232 3952 1304 4028 clb.

269 4090 487 4184 Jaegmo,
523 4088 665 4164 medico
695 4088 855 4167 ocularia
888 4090 985 4190 apud
1011 4088 1308 4185 vindobonenses
