2728 4960
3 500 4 527 t

3 540 4 557 ¹
67 555 174 616 dendo
207 571 339 621 omnem
359 552 500 613 limbum·
524 562 689 615 externum
716 559 868 637 marginis
889 559 1103 640 palpebralis,

250 376 378 445 Hosn
411 397 473 444 na
508 392 905 449 percurrerem·
1030 404 1104 453 sor

50 667 126 709 nec
140 663 212 707 non
232 645 307 707 cilia
324 649 475 705 cum-suis
494 644 658 706 radicibus
682 646 724 707 ad
745 663 863 713 tarsum
880 652 968 714 oculi
984 675 1103 735 usque,

48 776 52 783 ·
66 740 260 803 conservatis
274 740 403 813 punctis
416 735 642 819 lacrymalibua
661 753 712 812 et,
726 756 883 818 quantum
902 741 971 805 fieri
981 761 1108 827 potest,

67 826 214 889 dantibus
229 826 458 907 glandularum
470 826 751 889 meibonianarum
768 838 961 896 excretoriir.

48 958 51 967 ι
73 959 78 973 f
135 919 250 1003 Partes
278 917 467 979 vulneratae
492 940 582 1000 ,aqua
599 919 718 1001 frigida
736 928 895 1004 sanguine
913 914 1108 1003 abluuntur,

64 1009 174 1073 attali
194 1009 297 1071 modo
317 1010 446 1085 silente.
460 1014 628 1093 sanguinis
652 1010 739 1075 fluxu
766 1012 939 1094 diligenter
959 1010 1106 1098 explora-

65 1116 133 1165 tur:
166 1118 215 1163 an
243 1118 315 1169 non
341 1101 416 1163 cilia
439 1106 476 1167 in
493 1103 682 1175 :directione
711 1125 769 1166 sua
796 1106 967 1173 abnormia
991 1100 1107 1177 relicta

68 1197 139 1266 sint,
154 1213 243 1272 quae
257 1193 335 1254 dein
348 1194 474 1274 forcipe
489 1199 524 1257 in
537 1196 664 1276 origine
682 1195 886 1274 apprehensa
901 1221 973 1259 cum
989 1204 1109 1263 radici-

66 1285 387 1355 bus.exscinduntur.
411 1327 414 1331 .
439 1285 535 1365 Aqua
553 1283 671 1364 frigida
697 1291 840 1366 repetitis
859 1289 981 1351 vicibus
1007 1294 1106 1355 oculo

66 1377 227 1455 applicata
242 1379 371 1456 sanguis
392 1397 469 1436 mox
488 1379 625 1450 sistitur,
657 1375 749 1437 dolor
778 1376 855 1461 alias
874 1399 946 1440 non
970 1372 1107 1468 exiguus¹

67 1468 133 1529 iere
145 1472 278 1548 penitus
293 1482 404 1527 cessat.
422 1468 587 1545 Margines
603 1472 701 1546 partis
714 1458 904 1533 vulneraiae
919 1470 1009 1535 brevi
1026 1489 1109 1539 tem·

66 1579 144 1638 poro
162 1578 235 1630 sese
257 1564 499 1638 approximant,
518 1574 551 1619 et
569 1564 758 1623 continuata
778 1581 883 1642 aquae
898 1552 1035 1647 frigidae
1050 1566 1109 1631 ad-

68 1650 263 1730 plicatione,
277 1654 389 1730 paucis
410 1649 524 1711 diebus
547 1649 670 1732 absque
690 1657 781 1714 omni
798 1640 942 1715 infausto
962 1672 1114 1745 sympto-⁸

66 1756 224 1817 mate,·ut
237 1741 351 1802 saltem
368 1739 537 1822 hucusque
552 1749 749 1822 experientia
765 1745 887 1820 docuit,
908 1738 1112 1810 coalescunt,¹

67 1832 104 1899 Bt
115 1836 151 1899 in
165 1831 318 1900 omnibus
335 1832 480 1909 casibus,
503 1839 540 1896 in
554 1836 672 1916 quibus
687 1833 768 1898 haec
787 1843 935 1917 operatio
957 1857 1109 1907 accurate

64 1939 99 1986 et
109 1924 222 1986 debita
239 1944 312 1986 cum
327 1921 453 2015 cautela
465 1922 541 2008 lega
556 1931 630 1989 artis
642 1925 891 2017 instituebatur,
917 1950 1044 2011 semper
1057 1936 1113 1995 sa-'

67 2020 154 2078 natio
168 2015 317 2083 radicalis
332 2030 442 2077 secuta
458 2031 514 2077 est.
677 2012 681 2017 ’
963 2022 966 2026 ’

138 2110 174 2170 Si
190 2109 252 2175 fors
271 2129 355 2170 unus
377 2108 496 2193 alterve
520 2107 666 2170 ciliorum
686 2110 809 2172 bulbus
827 2110 887 2172 sub
908 2118 1109 2192 operationis

70 2205 203 2283 negotio
216 2203 447 2280 praeternam,
465 2221 502 2259 ac
512 2200 654 2286 proinde
664 2203 794 2263 relictus
807 2204 907 2264 fuerit
914 2245 927 2278 ,
953 2201 1026 2266 cilia
1039 2205 1120 2283 jam*

71 2300 165 2355 tertio
188 2293 242 2355 vel
259 2307 380 2374 'quarto
394 2291 448 2352 die
469 2305 545 2370 post
561 2296 785 2369 operationem
806 2302 1022 2361 recrescentia
1046 2290 1109 2359 sub

70 2387 169 2448 forma
184 2384 334 2469 punctuli
347 2387 433 2469 nigri
446 2386 481 2442 in
501 2382 672 2463 superficie
684 2382 867 2444 vulnusculi
886 2387 1108 2466 pullulabunt,

70 2499 152 2568 quae
167 2484 275 2541 statim
296 2476 502 2538 destruantur
515 2495 649 2537 necesse
666 2491 730 2548 est,
750 2477 873 2538 scilicet
893 2497 959 2556 ope
979 2476 1109 2543 frustuli

68 2592 86 2631 e
102 2568 215 2655 lapide
237 2573 378 2630 caustico
401 2569 521 2649 forcipe
544 2573 669 2653 excepti
684 2583 716 2635 et
730 2572 814 2648 parti
833 2562 969 2629 affectae
984 2572 1109 2634 tamdiu

70 2649 236 2744 applicati,
261 2661 370 2721 donec
390 2657 552 2719 sufficiens
574 2650 739 2718 insecutus
751 2658 850 2718 fuerit
864 2655 1016 2732 effectus:
1031 2683 1119 2742 sup·-

68 2757 239 2835 puratione
252 2757 448 2834 insequente
467 2749 592 2813 radices
615 2749 764 2811 ciliorum
782 2747 880 2809 facile
901 2749 1110 2816 destruuntur
1211 2792 1217 2807 ,

67 2861 100 2907 et
112 2852 313 2907 amoventur.

93 3030 94 3035 ’
138 3019 282 3090 Omnia,
317 3028 407 3097 quae¹
427 3012 591 3074 medicina
619 3031 638 3073 a
662 3014 771 3090 prima
793 3008 923 3094 origine
942 3032 1046 3096 usqne
1067 3016 1111 3080 ad

71 3109 264 3174 hodiernum
286 3109 372 3195 diem
395 3111 481 3186 cepit
498 3110 710 3178 incrementa,
733 3125 771 3164 ex
788 3119 875 3166 casta
894 3121 1030 3169 naturae
1047 3108 1114 3172 ‘ob'-

69 3208 269 3278 servatione,
295 3204 347 3260 cui
366 3199 428 3261 soli
446 3218 522 3260 vera
540 3198 718 3277 superstrui
736 3212 844 3279 potest
863 3195 1001 3276 theoria,
1022 3220 1116 3267 ema.

69 3309 204 3365 narunt3
240 3291 403 3376 quidquid
430 3290 509 3351 inde
533 3293 612 3352 novi
633 3287 756 3351 in‘hac
778 3294 913 3352 scientia
931 3295 1108 3373 profertur,

73 3390 166 3446 etiam
191 3387 330 3465 repetita
362 3382 588 3444 observatione
619 3398 653 3442 et
679 3387 876 3463 experientia
902 3397 1040 3446 naturae
1069 3405 1125 3448 ae⁹

71 3476 164 3555 proin
183 3481 311 3547 veritati
332 3476 537 3536 consentiens
556 3479 691 3556 reperiri
710 3471 825 3534 daban
863 3470 916 3533 Ad
940 3463 1040 3535 fidens
1068 3473 1112 3537 de

71 3560 178 3631 valore
201 3580 235 3629 et
261 3572 458 3651 praestantia·
483 3588 589 3628 novae
612 3567 814 3647 operationis
830 3561 978 3625 methodi
1003 3569 1125 3646 prola-r

72 3665 108 3722 tis
135 3660 393 3733 conciliandam,
423 3678 462 3720 ex
486 3677 605 3741 magna
628 3658 858 3735 operationum
889 3661 1004 3736 copia,
1028 3676 1112 3741 quar

72 3751 222 3834 laeger·
239 3766 307 3813 tam
331 3750 464 3833 publice
491 3771 589 3833 quam
621 3751 770 3828 privatim
800 3750 957 3822 instituit,
985 3749 1126 3832 aliquas

74 3842 280 3906 selummodo
302 3845 478 3917 adducam,
510 3839 628 3923 quibus
652 3853 784 3920 praeter
805 3837 918 3925 piures
941 3839 1019 3902 alias
1039 3846 1110 3923 ipse

75 3928 225 4010 interisti,
247 3949 281 3996 et
300 3936 359 3999 ubi
379 3938 488 3998 omnia
499 3932 749 4014 phaenomena,
767 3943 834 3991 tam
853 3926 1024 4011 subquarta
1037 3949 1113 4015 post

76 4033 301 4108 operationem
332 4034 498 4104 insecuta,
524 4023 722 4093 observandi
744 4026 880 4097 occasio
895 4021 984 4089 mihi
999 4025 1111 4091 oblata

76 4119 204 4183 faita·
394 4146 425 4177 τι
