2744 4960
208 376 216 383 ’
284 379 354 465 136
501 364 843 464 Chamanene
871 374 1054 487 runica

281 552 430 637 'pebras
420 566 504 615 inter
523 514 556 612 et
574 534 662 613 oculi
687 546 819 639 globum
844 540 998 628 ponebat.
1030 542 1080 601 'Sl
1106 560 1125 600 a
1149 498 1314 634 palpebris

285 667 436 711 corneam
454 662 602 723 separare
623 644 794 721 contigerit
820 653 852 700 et
879 639 1041 709 maculae,
1071 652 1156 723 quae
1183 640 1218 693 in
1247 628 1315 713 ejus

281 738 455 822 superficie
475 731 669 824 relinquitur
687 731 848 799 medelam
868 727 1023 792 adhibere
1041 745 1174 795 necesse
1194 730 1268 790 erit·

738 917 769 992 §-
806 923 856 984 55.

569 1024 780 1113 dyrrachia
817 1022 1023 1085 anterior·

294 1194 297 1203 ‚
347 1158 413 1218 ¹Uti
432 1156 505 1214 cum
519 1152 693 1234 'palpebris
714 1171 853 1212 corneae
874 1151 1016 1208 anterior
1035 1139 1239 1224 superficies-3
1273 1149 1316 1207 sic

281 1251 396 1309 vitiose
422 1251 583 1326 posterior
603 1243 670 1319 ejus
692 1240 789 1301 facies
813 1260 885 1299 cum
910 1238 992 1298 iride
1012 1256 1223 1298 concrescere
1245 1252 1315 1316 pot-

263 1410 265 1417 ,
284 1354 357 1400 (ιιι
379 1338 504 1398 Malum
523 1334 581 1396 sub
601 1332 774 1413 mucellae
791 1331 967 1391 anterioris
985 1331 1118 1390 nomine
1136 1333 1250 1389 vatiire
1269 1347 1316 1391 so·

282 1428 356 1491 let(
377 1422 452 1506 Ejus
473 1441 618 1487 naturam
636 1425 700 1500 jam
720 1443 816 1502 supra
837 1427 999 1505 tetigimus
1019 1421 1058 1496 (ς.
1072 1419 1144 1497 49).
1194 1419 1316 1479 Humo·
1356 1480 1357 1495 χ

284 1524 328 1580 ris
356 1524 452 1599 aquei
473 1513 663 1578 effusionem
686 1517 716 1572 ei
738 1513 934 1592 praecedere
960 1531 1088 1591 semper
1107 1528 1243 1569 necesse
1263 1524 1316 1569 est.

192 1674 198 1682 ,
277 1609 451 1691 ¹Quamdiu
476 1604 628 1689 synechia
653 1603 787 1683 simplex
813 1619 861 1664 est
886 1619 919 1664 et
944 1603 1032 1675 sola,
1066 1620 1129 1661 neo
1154 1621 1229 1659 cum
1251 1601 1314 1662 aliis

287 1719 425 1762 corneae
454 1697 611 1789 morbosis
639 1688 865 1756 affectionibus
887 1695 1077 1772 conpuncta,
1108 1693 1197 1752 iridis
1225 1692 1317 1758 facile

288 1810 361 1852 cum
381 1780 501 1852 cornea
520 1787 675 1850 anomalis
696 1786 875 1852 cohaesio
867 1805 937 1913 ipsa
958 1793 1077 1848 cornea
1096 1797 1314 1861 transpareuta

288 1884 499 1966 detegitur,

766 2080 773 2096 .
831 2038 860 2099 6.

555 2041 861 2245 ‘Ungfnuifsdu
901 2147 1063 2239 qast&

363 2275 410 2335 Ex
428 2269 710 2357 inflammatione'
700 2291 735 2330 ιιι
755 2274 1020 2349 suppurationem
1040 2284 1236 2349 transgressa
1254 2287 1316 2330 non

288 2361 388 2431 modo
405 2342 595 2443 abscessus
586 2381 621 2420 m
635 2380 774 2422 corneae
791 2366 921 2421 citerna
941 2357 1110 2438 superficie
1129 2360 1316 2433 formantur,

289 2455 349 2515 sed
368 2468 400 2513 et
418 2473 478 2531 pus
497 2455 533 2511 in
550 2455 723 2511 internam
730 2450 824 2527 hujus
845 2454 975 2512 tunicae
995 2440 1220 2512 substantiam
1226 2471 1320 2529 peno·

278 2538 394 2615 ‘tasum
428 2547 513 2601 inter
538 2544 621 2646 ipsas
649 2541 715 2617 ejus
725 2539 888 2601 lamellas
914 2558 1064 2624 stagnans
1085 2556 1123 2600 et
1137 2544 1318 2617 praesertim

288 2640 324 2696 in
351 2622 506 2695 inferiore
533 2630 600 2706 ejus
629 2636 775 2709 regione
795 2653 829 2694 se
856 2633 1012 2715 colligens
1037 2630 1190 2693 morbum
1216 2631 1318 2705 elficit,

268 2718 349 2804 xqui
371 2723 427 2785 'ob
442 2720 585 2782 colorem
612 2720 750 2803 hominis
771 2725 934 2807 unguibus
962 2721 1050 2783 hand
1071 2722 1319 2785 absimilem'nn·

289 2815 362 2894 guis
387 2832 523 2891 sortyx
549 2814 740 2894 appellatur.
798 2816 896 2875 Hunc
921 2808 1179 2874 vero‘morbum
1203 2824 1319 2877 vot‘erea

290 2922 367 2963 mox
381 2921 453 2961 cnm
473 2910 619 2995 pterygia
633 2926 707 2965 mox
722 2925 795 2964 cum
814 2903 956 2988 hypopio
973 2906 1238 2979 confundebant,
1248 2923 1321 2969 mor·

275 2995 408 3072 -bisque
428 2997 513 3051 inter
534 3013 569 3052 se
590 2993 806 3055 diuersissimis
828 3012 926 3056 unam
951 2995 1164 3076 imponebant
1184 2998 1321 3060 denomi-

291 3091 468 3149 nationem.
507 3082 758 3165 Coniunguntur
782 3089 1058 3168 frequentissime
1066 3108 1137 3147 curn
1154 3087 1225 3150 hoc
1243 3111 1320 3152 mor·
1357 3112 1358 3121 ¹

291 3174 336 3235 bo
356 3168 610 3234 inflammatoris
636 3179 860 3254 conjunctivae
886 3193 1098 3262 symptomata
1123 3179 1318 3276 molestaque

292 3260 422 3326 luminis
443 3271 589 3327 sensatio.
631 3269 735 3329 Causa
754 3268 847 3348 hujus
868 3271 948 3330 mali
970 3276 1113 3351 proxima
1134 3270 1181 3329 es't
1201 3268 1320 3329 inflam-

292 3359 393 3416 matio
413 3375 482 3416 non
503 3357 661 3433 discussa,
689 3358 747 3418 sed
773 3363 808 3419 in
837 3364 1102 3453 suppurationem
1122 3374 1320 3444 transgressa.

294 3448 418 3507 Causae
440 3440 669 3511 antecedentes
690 3471 802 3511 omnes
822 3466 914 3526 sunt,
941 3470 1026 3531 quae
1044 3449 1321 3517 inflammationem

296 3541 431 3598 excitare
454 3544 608 3618 possunt,
637 3557 673 3601 ut
695 3530 831 3616 stimuli,
863 3538 1006 3603 irritatio
1027 3541 1114 3602 oculi
1139 3542 1321 3602 mechanica

273 3649 352 3720 x‚seu
379 3629 546 3706 chemica,
576 3639 792 3715 contusiones
810 3631 921 3704 bulbi,
959 3629 1177 3711 ophthalmiae
1205 3650 1322 3715 graveas

294 3708 509 3800 phlyctaenae
530 3737 589 3782 etc.
627 3724 670 3783 A
675 3726 819 3803 simplice
838 3722 1021 3804 pustulam
1038 3744 1179 3786 corneae
1186 3738 1322 3785 externa

297 3807 466 3887 superficie
483 3815 598 3874 exinde
613 3815 819 3896 distinguitur
834 3833 935 3897 onyx,
955 3816 1117 3895 siquidem
1132 3815 1263 3894 pustula
1278 3831 1324 3872 su·

299 3920 359 3978 per
378 3908 517 3965 corneae
529 3911 700 3966 externam
706 3903 921 3984 superficiem
941 3910 1098 3980 emineat,
1120 3925 1194 3966 cum
1214 3926 1232 3965 e
1254 3921 1323 3964 con·

302 3998 400 4053 trario
420 4001 455 4054 in
473 4016 584 4078 ungue
599 4001 736 4059 exterior
750 4014 889 4057 corneae
902 3996 1031 4059 lamella
1048 3997 1226 4059 naturalem
1242 4012 1324 4056 snam

303 4091 535 4151 convexitatem
560 4092 693 4154 minime
712 4085 870 4152 excedens
893 4087 992 4153 laevia
1016 4109 1146 4172 semper
1171 4100 1204 4148 et
1227 4083 1323 4166 polita
