2728 4960
271 418 343 505 146
518 414 749 478 Cn'nnsnns
782 424 844 475 nn
876 426 1062 474 runica
1104 399 1121 459 Γ

269 599 430 660 variorum
456 599 602 648 veterum
629 602 763 645 errones
793 581 907 664 opinio
933 581 995 643 init
1016 603 1034 643 a
1057 587 1150 661 poris
1168 598 1319 648 torneae

269 687 386 762 eleusis
407 676 554 742 allicitur.
599 675 747 758 Quodvis
779 681 867 736 enim
891 675 1041 737 lencome
1071 688 1105 734 et
1131 677 1320 756 quamlibet

268 779 422 856 maiorem
453 786 593 841 corneae
617 769 798 830 cicatricem
826 780 882 827 aut
907 767 1121 828 maculasset
1146 763 1320 849 hydroph-

269 867 401 935 thaimia
429 874 630 943 sequeretur.
661 863 808 921 >Causae
831 863 943 919 autin
965 863 1047 921 vasis
1072 857 1318 924 abducentibus

267 961 321 1021 vel
338 958 507 1020 obstructis
527 950 578 1011 vel
599 956 789 1031 compressis
808 948 984 1031 ponendae
1004 963 1091 1021 sunt,
1111 949 1318 1037 superfluum

268 1070 340 1114 non
360 1046 568 1111 revehentes:
594 1058 650 1101 aut
670 1048 704 1103 in
724 1046 806 1102 vasis
823 1038 1071 1114 abducentibus,
1093 1060 1180 1121 quse
1202 1047 1320 1104 stimu-

268 1145 308 1205 lis
330 1138 446 1201 affecta
472 1133 631 1197 morbosis
657 1134 752 1195 solita
774 1135 928 1211 majorem
954 1138 1059 1192 nostri
1086 1131 1232 1196 humoris
1260 1155 1319 1198 co·

269 1235 357 1311 piem
378 1226 520 1304 afferunt
540 1241 574 1288 et
593 1230 629 1286 in
649 1223 737 1287 oculi
757 1241 898 1284 cameras
922 1221 1108 1286 effundunt.

342 1491 516 1553 narsem
538 1485 682 1550 humoris
715 1487 812 1562 aquei
840 1489 949 1566 eopia·
965 1494 1082 1567 sponte
1107 1482 1314 1563 diminuitur,

269 1576 523 1662 quin-omnibus
541 1593 700 1657 persaepe
721 1572 966 1638 medicamentis
999 1580 1157 1639 tenaciter
1183 1580 1316 1643 risistit·

266 1672 400 1737 Malum·
428 1676 639 1733 inveteratum
668 1668 754 1727 visus
791 1684 921 1733 tensum
944 1667 1028 1748 'plus
1061 1673 1168 1729 miuus
1202 1668 1315 1735 elficit.

266 1761 432 1825 Turbidus
451 1760 571 1825 bumor
591 1760 766 1821 curationis
793 1776 868 1820 vere
892 1758 1016 1823 nollens
1044 1778 1134 1837 spem
1161 1758 1313 1837 praebet,

265 1851 419 1934 limpidus
448 1872 525 1923 vero
551 1851 714 1927 majorem.
768 1849 903 1911 Homini
931 1848 996 1910 hoc
1023 1850 1110 1914 malo
1134 1850 1313 1927 laboranti,

267 1963 366 2024 quem
388 1942 561 2026 Gottingae
583 1943 769 2013 observavi,
798 1942 930 2005 morbus
953 1942 1089 2003 adustus
1109 1943 1229 2018 fuerat,
1253 1943 1314 2005 hu·

264 2054 340 2097 uror
361 2055 485 2115 aqueus
509 2037 652 2116 quamvis
674 2031 914 2114 limpidissimus
932 2052 1043 2114 neque
1073 2032 1171 2097 ullam
1195 2036 1313 2098 admit.

266 2124 357 2188 tebet
387 2126 549 2189 medelam
576 2145 689 2207 neque
713 2145 774 2204 per
794 2129 1031 2208 stagnatiouem
1056 2129 1188 2202 spissior
1205 2127 1311 2189 lactus

265 2232 345 2279 erat.
384 2217 504 2279 Morbo
524 2220 702 2297 incipiente
723 2216 811 2277 oculi
831 2216 947 2299 globus
967 2209 1145 2289 successive
1160 2235 1310 2302 augetur,

182 2381 190 2396 κ
265 2309 412 2372 cievetur
432 2329 552 2368 cornea
573 2322 607 2367 et
625 2308 810 2385 prominula
830 2308 988 2381 redditur,
1011 2307 1101 2370 iridis
1121 2309 1220 2372 sedes
1232 2332 1310 2392 pro-

263 2402 400 2464 tundier
422 2416 455 2460 et
477 2421 495 2461 s
519 2418 638 2461 cernes
655 2404 814 2459 remotior
827 2415 884 2461 est.
922 2402 1028 2478 Saepe
1048 2397 1164 2462 humor
1182 2423 1308 2484 aqueus

262 2493 422 2565 turbatur,
441 2512 554 2553 verum
574 2494 662 2553 enim
682 2509 762 2550 vero
780 2496 816 2553 ia
841 2509 917 2555 casu
935 2490 1067 2551 nostrae
1087 2491 1309 2561 observationi

262 2584 413 2664 subjecto
433 2580 565 2646 oculum
585 2599 714 2658 semper
736 2580 894 2651 nitidum,
923 2577 1080 2658 pupillam
1099 2582 1170 2644 iere
1189 2590 1306 2650 immo·

261 2672 374 2747 bssem,
387 2680 518 2735 visionis
533 2671 719 2733 facultatem
741 2670 836 2731 valde
850 2671 1042 2731 diminutam
1053 2675 1175 2734 inveni.
1198 2677 1306 2759 Saepe

261 2765 304 2825 de
332 2771 483 2826 tensione
516 2770 551 2825 iu
580 2761 686 2822 fundo
715 2761 803 2822 oculi
838 2761 1004 2823 dolosifica
1033 2782 1231 2845 conquestus
1260 2787 1308 2832 est

261 2876 368 2938 aeger.
410 2855 595 2936 Aliquando
618 2867 650 2915 et
681 2849 910 2914 hemicranium
938 2875 1009 2915 curn
1038 2851 1186 2937 hydrope
1216 2861 1304 2922 oculi

260 2947 469 3023 conjunctam
500 2967 568 3017 esse
594 2948 753 3003 novimus.
809 2944 1027 3029 Distinguitur
1053 2967 1132 3008 vero
1160 2946 1303 3033 hydrops

260 3041 404 3116 corporis
426 3040 530 3111 vitrei,
562 3055 660 3116 quem
684 3039 719 3094 iu
747 3034 956 3097 adolescente
985 3038 1170 3099 octodecim
1198 3061 1303 3103 anno·

255 3146 329 3207 rum
350 3126 528 3200 observavi,
552 3126 608 3199 ubi
629 3126 857 3191 verisimillime
880 3147 897 3186 e
922 3127 1184 3199 masturbntionis
1206 3151 1298 3194 cauas

257 3235 347 3279 ortus
372 3240 444 3294 cum
467 3220 622 3299 epilepsia
636 3231 797 3277 nocturna
820 3219 1012 3294 conjunctus
1032 3220 1105 3291 fuit,
1120 3221 1161 3283 ab
1181 3222 1300 3291 eodem

255 3306 396 3371 humoris
421 3315 518 3387 aquei
542 3307 679 3380 affectu,
710 3309 922 3391 sequentibus
947 3316 1135 3397 praesertim
1163 3313 1299 3401 disgno-

250 3407 340 3479 sticis
367 3403 477 3485 siguis.
522 3397 682 3460 Conciliat
702 3406 763 3460 toti
788 3399 874 3460 oculi
900 3399 1002 3462 bulbo
1024 3405 1184 3487 insignem
1213 3404 1299 3467 duri·

252 3495 330 3553 tiem
346 3506 378 3552 et
393 3488 671 3572 protuberantiam
687 3489 830 3576 hydrops
848 3499 991 3572 corporis
1010 3498 1110 3556 vitrei.
1146 3496 1299 3581 Hydrops

250 3600 328 3643 vero
351 3581 490 3651 humoris
513 3589 610 3667 aquei
632 3602 785 3644 corneam
806 3596 930 3643 tantum
951 3589 1192 3663 prominentem
1208 3589 1294 3650 facit.

247 3668 308 3733 lile
336 3679 436 3734 visum
462 3696 590 3757 semper
616 3689 672 3735 aut
700 3674 792 3734 valde
821 3673 972 3736 diminuit
1001 3690 1056 3736 aut
1080 3677 1180 3758 piane
1209 3680 1294 3743 tollit

248 3762 351 3838 (utin
372 3778 484 3827 nostro
510 3768 617 3844 casu);
647 3763 700 3824 hic
731 3773 915 3826 amaurosin
945 3767 1078 3827 totalem
1105 3776 1140 3831 in
1166 3792 1291 3837 summo

248 3866 374 3913 tautum
398 3855 505 3918 morbi
534 3856 636 3941 gradu
660 3860 774 3939 gignit.
820 3855 942 3920 Oculus
968 3857 1116 3941 hydrope
1147 3872 1293 3946 corporis¹

246 3949 339 4005 vitrei
364 3944 497 4009 affectus
534 3948 673 4009 fundum
709 3968 769 4028 per
801 3950 946 4029 pupillae
979 3951 1129 4015 foramen
1162 3955 1291 4020 exbibet

248 4036 414 4097 turbidum
438 4055 469 4099 et
490 4038 704 4110 nebulosum
727 4037 870 4102 humoris
902 4045 997 4122 aquei
1017 4040 1160 4126 hydrops
1182 4049 1289 4127 pupil-

246 4125 299 4188 lae
320 4127 464 4193 colorem
487 4151 558 4195 non
575 4146 688 4197 mutat.
726 4130 786 4193 1110
805 4135 933 4209 iridem,
954 4141 990 4198 in
1010 4150 1095 4197 statu
1114 4157 1200 4200 sano
1219 4140 1286 4221 pia·
