2728 4960
304 1165 819 1244 ruoounrum

7 1504 9 1607 l
53 1497 154 1591 penca
176 1532 248 1584 suut
267 1525 351 1584 tenui
371 1526 511 1603 opusculo
532 1528 765 1608 praemittenda,
794 1524 936 1605 equibus
956 1514 1085 1599 consero,

7 1640 9 1687 1
55 1640 106 1697 cnr,
125 1626 280 1682 innumero
297 1643 395 1682 rerum
416 1629 532 1704 proprie
552 1629 731 1687 modicarum
748 1628 824 1685 serie
841 1627 986 1706 neglecte,
1007 1622 1084 1683 boue

56 1739 85 1777 ex
108 1720 333 1802 anthropologie
360 1727 512 1787 materiam
539 1729 695 1807 elegerim,
728 1744 897 1807 cognosces.
941 1722 1085 1805 Doctrina
1113 1756 1116 1763 2

55 1817 84 1876 de
101 1819 234 1877 sensibus
256 1839 291 1878 ac
313 1822 451 1897 primaria
471 1843 609 1882 sensuum
628 1827 793 1904 cognitione
811 1842 881 1900 prae
898 1825 1004 1880 ceteris
1021 1833 1085 1880 stu·

8 1952 9 1967 r
54 1916 98 1974 diis
115 1920 190 1976 meis
213 1921 331 1993 arrisit,
353 1929 440 1995 tum,
455 1925 524 1998 quia
545 1922 582 1980 ob
601 1941 779 2002 organorum
796 1941 933 1979 sensuum
950 1923 1086 1978 altiorem

8 2022 9 2035 ¹
52 2016 229 2089 perfectionis
246 2018 381 2097 gradum,
404 2024 602 2099 organismum
619 2020 787 2093 humanum,
809 2030 957 2096 tamquam
970 2020 1085 2076 animae

8 2104 9 2195 ,
52 2115 285 2191 instrumentum,
314 2118 402 2197 longe
430 2118 604 2177 animalibus
630 2121 825 2195 praecellere,
855 2114 1085 2174 luculentissime

8 2224 9 2281 j
55 2213 181 2287 ostendit,
203 2224 266 2272 tum
289 2217 387 2290 etiarn,
410 2218 480 2292 quia
500 2228 640 2274 externae
660 2220 740 2277 vitoe
761 2215 919 2274 sensiferos
934 2215 1085 2279 ,conditio-

7 2292 9 2379 ἢ
53 2327 100 2367 nes
126 2323 247 2370 cunctae
273 2314 376 2370 inille
405 2312 553 2390 depositae
575 2324 652 2375 suut.
699 2315 745 2374 Ad
766 2316 860 2374 risum
881 2322 979 2372 autem
998 2331 1085 2390 prae·

53 2412 142 2467 sertim
168 2413 297 2468 animum
325 2412 457 2486 attendi,
498 2414 634 2488 qnoniam
662 2413 742 2470 intra
768 2415 919 2472 minimum
942 2413 1084 2488 temporis

54 2509 199 2586 scripulum
218 2510 451 2586 largissimorum
479 2508 749 2588 uberrimarumque
775 2531 873 2569 rerum
896 2519 1084 2586 conspectum

31 2621 36 2628 “
53 2606 176 2686 largitur,
197 2626 234 2664 ac
253 2607 375 2684 proinde
394 2611 531 2683 primario
549 2610 656 2665 mentis
675 2609 819 2666 desiderio
836 2608 943 2683 optime
962 2623 1084 2681 respon·

54 2701 104 2778 det,
124 2706 229 2764 deinde
251 2707 339 2763 etiem
359 2707 391 2763 in
411 2707 495 2779 ideis,
523 2708 663 2764 memoria
683 2706 877 2782 reproductis,
899 2724 935 2762 ac
955 2704 1084 2762 notioni·

8 2800 9 2807 ’
54 2797 108 2875 bus,
128 2804 196 2861 inde
218 2804 369 2878 derivatis,
391 2825 443 2881 per
464 2815 557 2863 totam
577 2807 683 2863 montis
699 2807 790 2862 vitam
807 2804 952 2881 insignem
971 2800 1084 2859 obtinet

53 2901 244 2978 principatum.
289 2903 428 2971 Quaestio
457 2903 619 2961 dementis
642 2921 729 2979 opere
750 2903 788 2960 ad
808 2901 1017 2977 perficiendum
1037 2902 1083 2957 in·

54 3000 149 3057 tuitnm
176 3000 261 3058 binas
282 3013 382 3077 partes
410 3001 644 3077 comprehendit:
676 3003 815 3079 primam,
844 2999 948 3078 quibus
969 3000 1084 3057 enimse

8 3162 9 3167 ἵ
54 3098 204 3156 actionibus
232 3098 379 3175 objectum
408 3102 531 3176 simplex
559 3102 578 3160 i.
604 3120 630 3160 e.
651 3111 791 3176 punctum
810 3101 842 3156 in
862 3099 1083 3174 circumscripto

8 3252 9 3263 ,
54 3198 130 3270 spatii
149 3199 215 3255 loco
237 3207 395 3272 cernatur,
416 3201 556 3271 alteram,
581 3216 639 3274 qna
667 3200 781 3256 ratione
801 3200 859 3255 iste
879 3197 999 3255 videndi
1018 3215 1083 3254 mo·

8 3290 9 3375 }
53 3291 99 3350 das
117 3296 153 3353 ad
173 3297 362 3374 planitierum
384 3313 596 3373 corporumque
617 3296 750 3369 formas,
772 3315 831 3353 uno
853 3297 964 3355 intuitu
984 3296 1083 3352 conei-

8 3430 9 3441 η
52 3391 179 3468 piendes,
203 3392 387 3460 extendatur.
415 3393 482 3452 Hac
504 3395 581 3450 enim
603 3394 710 3468 duplici
730 3394 914 3451 functionum
936 3395 1012 3450 serie
1032 3412 1081 3471 re·

7 3470 9 3497 ¹
52 3507 109 3547 nun
127 3503 314 3567 conspectus,
329 3493 428 3567 spatio
450 3502 573 3549 externo
596 3492 767 3566 conformis,
788 3493 978 3552 construitur.
1021 3487 1083 3548 Sed

7 3572 9 3653 ἶ
52 3585 192 3666 ignoscas,
219 3591 315 3648 lector
337 3589 494 3663 benevole,
522 3591 548 3646 si
568 3589 606 3646 ed
624 3582 747 3665 primam
766 3599 883 3646 tantum
905 3589 1083 3666 quaestionis

7 3656 9 3751 l
52 3696 169 3762 portem,
192 3691 225 3747 in
247 3706 305 3764 qna
326 3691 370 3747 rei
392 3688 480 3746 cardo
502 3689 646 3760 vertitur,
670 3687 900 3765 disquisitionem
920 3678 1083 3745 restriurie·

7 3858 8 3861 Ἴ
52 3784 253 3858 1im‚olteram
272 3788 362 3859 enirn,
385 3788 455 3845 licet
471 3787 704 3844 consideratione
721 3785 854 3861 profecto
873 3785 1084 3865 dignissimam,

7 3896 9 3981 p
51 3877 205 3944 uberiorem
232 3889 333 3942 tamen
361 3883 507 3960 arbitror,
548 3904 635 3962 qnam
661 3892 695 3942 ut
722 3884 878 3958 specimine
905 3886 1083 3963 inaugurali,

52 3983 125 4056 cnjm
143 3984 236 4058 fines,
263 4003 301 4043 ne
322 3985 400 4042 ultra
421 3987 615 4058 excesserim,
644 3985 764 4059 insuper
785 4000 905 4057 vereor,
929 3983 987 4041 rite
1007 3983 1083 4042 dilu·
1149 3980 1152 3987 ’

7 4128 8 4139 ,
52 4076 163 4144 cibetur.
207 4076 293 4152 Quod
314 4082 432 4159 quidem
458 4085 618 4143 sectionem
643 4083 767 4160 primam
788 4082 913 4154 attinet,
943 4082 1083 4158 praemit·

54 4177 161 4241 oeudom
186 4190 344 4259 propterea
369 4181 459 4258 duxi,
492 4181 571 4259 quod
598 4180 635 4240 de
660 4173 804 4261 organico
828 4180 910 4241 risus
935 4190 1083 4240 momento
