2728 4960
243 399 345 446 rsoo
464 377 589 446 Hosr
624 388 694 443 nn
717 390 971 441 rarcurasr
1009 385 1110 440 erc,

273 564 345 615 nott
361 551 523 614 elasticam
536 550 695 633 palpebra
709 547 884 630 explicatur
903 563 1002 631 atque
1021 546 1222 624 extenditur,
1239 560 1308 610 tuns

275 648 312 705 iu
335 642 399 728 hoc
419 650 483 706 situ
504 663 604 703 manu
626 646 752 702 sinistra
774 654 913 702 tenetur.
946 642 998 713 ,In
1022 640 1191 702 nonnullis
1213 645 1312 723 {egris

274 739 429 815 inquietis
450 751 483 796 et
505 738 600 794 nimis
620 730 826 795 sensibilibus
852 752 916 792 nec
935 751 1007 795 non
1026 731 1163 805 inillis,
1199 731 1312 813 quihus

274 830 357 886 rima
373 824 602 906 palpebrarum
621 823 752 884 brevior
771 816 1004 905 augustiorque
1023 838 1087 898 est,
1104 821 1227 883 lamina
1240 822 1312 884 loco

276 936 374 995 supra
402 923 562 999 assignato
591 915 680 978 haud
705 919 776 976 sine
797 914 987 976 difficultate
1013 915 1180 977 admoveri
1200 927 1315 992 potest.

273 1004 335 1070 His
360 1011 397 1068 in
417 1007 541 1067 casibus
569 1007 611 1067 ad
635 1006 734 1066 finem
757 1012 979 1088 praepositum
999 1013 1123 1088 optime
1146 1010 1312 1084 perveniet

275 1120 341 1180 ope
360 1098 532 1160 retinaculi
557 1098 786 1180 palpebrarum
800 1102 831 1158 'a
849 1097 1053 1159 Richtero
1078 1101 1221 1172 inventi,
1250 1117 1312 1179 quo

259 1184 432 1271 'palpebra
453 1192 614 1261 elevatur,
644 1188 805 1267 simulque
831 1187 879 1248 illi
899 1189 1021 1251 lamina
1046 1193 1262 1269 supponitur,
1288 1189 1312 1248 si

274 1301 397 1360 nempe
418 1280 667 1359 ophthalmiater
686 1284 880 1341 incisionem
905 1286 1093 1361 requisitam
1119 1300 1192 1341 non
1215 1276 1315 1342 libera

275 1366 410 1446 manu„
424 1372 517 1434 nullo
539 1373 605 1435 alio
626 1371 826 1436 adminiculo
847 1391 886 1431 ac
904 1370 1007 1432 bulbo
1028 1372 1117 1432 oculi
1135 1385 1254 1445 utens,
1272 1372 1315 1432 ie·

277 1484 353 1524 cere
372 1463 477 1524 velit.'
516 1463 621 1523 Manu
648 1464 758 1523 dextra
785 1460 1000 1543 apprehendit
1028 1462 1220 1542 scalpellum
1247 1483 1315 1523 cum

276 1559 347 1615 acie
371 1574 513 1615 convexa
540 1552 580 1612 ah
604 1553 706 1614 altero
732 1553 861 1613 medico
883 1555 1049 1623 assistente
1069 1554 1132 1616 sibi
1159 1553 1312 1617 submini-

276 1660 429 1729 stratum,
455 1644 576 1705 deinde
595 1645 733 1720 leniter,
755 1645 815 1706 sed
834 1657 983 1706 accurate
1003 1659 1035 1704 et
1054 1646 1127 1706 cum
1146 1649 1314 1708 securitate

274 1736 456 1798 incidendo
481 1740 518 1796 in
542 1736 641 1798 oculo
668 1736 780 1800 dextro
808 1758 827 1800 a
855 1733 971 1799 cantho
990 1750 1124 1799 externo
1150 1737 1194 1798 ad
1220 1743 1316 1800 inter·

273 1838 354 1889 hum
362 1871 373 1900 ,
393 1832 429 1888 in
443 1827 542 1889 oculo
560 1833 689 1890 sinistro
706 1828 858 1891 acantho
879 1833 1010 1889 interno
1028 1828 1071 1888 ad
1087 1844 1259 1890 externum
1271 1834 1317 1891 in·

273 1922 399 1997 cipiens
406 1961 417 1992 ,
439 1923 564 1980 circiter
582 1919 704 1981 lineam
719 1920 832 1981 saltem
848 1937 945 1997 supra
961 1923 1123 2002 originem
1138 1919 1283 1981 ciliorum
1296 1941 1314 1981 s

272 2015 338 2071 situ
352 2011 492 2075 normali
513 2013 713 2077 deviantium
731 2010 793 2090 (est
806 2026 927 2091 nempe
942 2030 1048 2073 sermo
1066 2012 1109 2072 de
1123 2016 1315 2091 operatione

271 2105 310 2164 in
329 2103 488 2183 palpebra
506 2112 676 2185 superiore
701 2100 914 2178 instituenda)
943 2122 1022 2185 ergo
1050 2120 1153 2185 quam
1172 2111 1316 2185 proxime·

273 2213 372 2270 supra
389 2194 514 2255 radices
535 2195 684 2259 ciliorum
705 2192 873 2267 discindit,
896 2206 930 2253 et
947 2209 1076 2275 separat
1093 2209 1316 2277 tegumentum

275 2302 467 2356 commune,
493 2299 616 2346 textum
637 2284 848 2359 cellularum,
875 2304 938 2345 nec
957 2305 1028 2347 uon
1046 2283 1141 2365 fibras
1158 2287 1314 2350 radicalas

273 2373 413 2437 musculi
432 2372 639 2447 orbicularis,
676 2378 837 2436 incisione
861 2375 903 2435 ad
929 2396 1001 2436 eam
1027 2381 1255 2440 extensionem
1277 2376 1316 2440 ad

274 2481 395 2527 tarsum
415 2486 520 2546 usque
541 2464 654 2539 ducta,
676 2487 774 2551 quam
793 2466 924 2528 morbus
945 2468 1143 2539 auferendus
1163 2476 1316 2550 exposcit,

264 2559 354 2642 ‘ergo
374 2556 556 2619 secundum
582 2571 684 2622 totam
708 2561 889 2640 marginem
911 2559 1151 2638 palpebralem,
1186 2577 1247 2622 aut
1269 2571 1343 2624 so·'

273 2650 445 2713 lummodo
466 2646 510 2711 ad
526 2664 655 2729 partem
676 2649 836 2730 aliquam,
856 2644 915 2709 ubi
934 2651 1055 2710 malum
1075 2663 1124 2712 est
1141 2652 1289 2731 partiale.

347 2744 382 2803 Si
401 2740 483 2803 haec
502 2745 619 2805 incisio
638 2761 710 2803 non
729 2755 779 2801 sat
804 2739 971 2821 profunde
989 2739 1115 2820 ubique
1136 2743 1228 2805 facta
1247 2744 1315 2804 iue-

272 2837 334 2906 rit,
362 2833 474 2894 denuo
500 2830 557 2892 fiat
581 2851 715 2894 necesse
736 2847 793 2894 est.
838 2833 930 2892 Levis
958 2828 1207 2915 haemorrhagia
1235 2854 1316 2914 aqua

272 2924 391 3005 frigida
405 2924 554 2993 sedatur,
576 2939 608 2983 et
627 2925 767 2994 lamina,
791 2941 855 3003 qua
874 2941 943 2981 non
963 2924 1100 3002 amplius
1120 2923 1313 3006 indigemus,

273 3020 452 3096 seponitur.
490 3013 640 3074 Medicus
660 3019 885 3094 operationem
905 3018 1076 3077 instituens
1091 3013 1199 3075 >libera
1219 3033 1315 3075 manu

272 3102 449 3184 prehendit
468 3103 628 3183 forcipem
648 3102 819 3184 (Pincette)
838 3109 971 3185 proprie
992 3107 1035 3167 ad
1055 3105 1316 3186 hancoperatie·

272 3213 351 3259 nem
371 3193 573 3273 confectum,
597 3210 630 3255 et
648 3200 684 3255 in
702 3198 800 3257 unius
820 3201 919 3259 cruris
940 3201 1032 3277 apice
1050 3189 1184 3258 hamulo
1205 3201 1242 3257 in
1261 3218 1318 3258 an·

269 3287 387 3373 ‘guium
409 3300 534 3349 rectum
561 3285 773 3362 decurrente,
802 3308 840 3349 ac
861 3288 1008 3351 foveolae
1034 3294 1071 3351 in
1090 3310 1184 3351 crure
1209 3289 1314 3351 altero

271 3385 394 3449 incisae
419 3392 587 3452 accurate,
613 3383 641 3439 si
665 3378 794 3459 forceps
818 3378 996 3453 clauditur,
1025 3382 1313 3462 correspondente,

271 3476 477 3546 instructam,
492 3490 559 3550 quo
575 3474 791 3533 instrumento
812 3490 884 3533 non
904 3472 1009 3532 solum
1033 3478 1165 3553 quaevis
1183 3476 1315 3535 minima

272 3579 308 3625 et
319 3562 445 3625 lubrica
460 3562 615 3642 particula
629 3562 843 3644 apprehendi,
860 3562 919 3624 sed
935 3566 1031 3623 etiam
1052 3577 1123 3624 tuto
1137 3568 1243 3624 teneri
1256 3583 1317 3643 po-

271 3667 344 3716 test.
382 3655 456 3718 Hoc
470 3656 597 3733 forcipe
619 3660 731 3737 arripit
745 3654 889 3716 medicus
910 3659 977 3725 uni·
990 3654 1122 3715 alterive
1135 3654 1225 3716 oculi
1240 3672 1317 3717 can-

271 3743 330 3807 tho
346 3751 603 3827 quamproxime
617 3753 796 3830 marginem
810 3743 1044 3827 palpebralem,
1052 3762 1152 3825 prout
1166 3753 1315 3828 operatio

272 3839 309 3896 in
319 3837 416 3898 oculo
431 3836 543 3901 dextro
551 3880 563 3913 ,
585 3840 639 3901 vel
651 3841 779 3900 sinistro
794 3841 987 3909 instituitur,
1001 3836 1080 3896 dum
1094 3839 1228 3916 vulnus,
1248 3861 1317 3901 rne-

275 3925 349 3990 dico
372 3927 539 3993 auxiliario
561 3931 740 4012 palpebrae
766 3933 992 4012 integumenta
1014 3918 1200 3993 communia
1219 3930 1318 4011 quid·

273 4034 371 4097 quam
385 4019 500 4081 fortius
516 4022 709 4101 attrahente,
725 4021 804 4095 hiet,
827 4037 871 4096 et,
887 4021 1018 4083 hamulo
1035 4021 1223 4084 immediate
1243 4021 1317 4082 vul·

272 4100 362 4168 neris
373 4108 512 4193 margini
525 4110 663 4196 inflicto,
677 4129 807 4200 separet
820 4115 939 4182 eodem
952 4107 1110 4196 scalpens
1127 4114 1218 4180 lenta
1229 4117 1319 4176 scin·
