2728 4960
296 402 364 472 stis
457 396 643 472 Jtaena
677 387 739 464 na
772 408 1171 474 anaarouritrnn.

642 574 898 637 Observatio
937 579 1002 637 tt·
1028 628 1031 633 .
1105 612 1108 623 ·

368 699 439 759 illic
463 698 605 758 Ioannes
634 706 670 775 14
689 719 792 760 annos
812 715 924 775 natus,
954 701 1052 765 oculo
1074 701 1186 763 dextro
1204 704 1316 780 jamiam
1350 736 1351 741 1

290 790 550 865 obscurascente,
572 796 703 851 sinistro
721 807 911 854 cataractam
930 793 1168 870 lenticularem,
1187 796 1315 869 mollem,
1350 846 1351 869 1

288 891 351 948 rite
372 883 531 945 evolutam
551 881 702 963 gerebat,
733 904 830 964 quam
851 885 904 946 die
923 893 977 963 ato
1001 882 1081 964 Maji
1104 897 1174 959 1811
1198 910 1253 949 acu
1271 909 1316 949 an·
1350 874 1351 953 l

292 980 391 1054 cipite
410 974 593 1053 deprimere
614 972 731 1034 frustra
761 983 886 1049 conati,
909 979 1001 1058 quod
1025 1001 1154 1061 semper
1179 981 1316 1055 resiliret,
1350 1036 1351 1039 ,

289 1067 444 1145 infructu
465 1064 628 1124 discissam
646 1069 837 1146 resorptioni
860 1076 1085 1132 commisimus.
1116 1071 1260 1154 Phlogosi
1275 1077 1316 1132 iu·

291 1174 413 1230 secuta,
434 1173 534 1236 opera
549 1172 619 1216 non
635 1152 711 1233 leui,
735 1159 886 1234 discussa,
909 1177 1100 1222 cataractam
1114 1164 1244 1244 quidem
1257 1184 1316 1225 eva·
1350 1178 1351 1181 ’

287 1253 399 1308 aruisse
420 1248 569 1321 vidimus,
589 1260 701 1309 ieram
720 1251 983 1332 pppillamtextu
1006 1253 1216 1329 filamentoso,
1228 1258 1313 1327 tenui,
1350 1300 1351 1321 t

287 1337 445 1421 lymphae
469 1338 623 1417 plasticae
649 1340 708 1402 sub
735 1339 991 1406 inflammatione
1015 1347 1199 1407 exsudantis
1218 1345 1314 1406 sobole
1350 1342 1351 1395 ἓ

289 1427 396 1502 lixam,
414 1431 638 1511 visionemque
659 1432 837 1495 admodum
854 1435 1052 1498 imbecillem
1074 1443 1195 1501 misero
1213 1442 1314 1519 impar·
1350 1496 1351 1519 p

289 1524 381 1580 titam
401 1519 574 1609 doluimus.

606 1718 881 1785 :Observatio
919 1723 986 1784 ῙῙΙ.
1350 1770 1351 1837 ᾖ

363 1836 503 1923 Chinow
521 1839 692 1906 Francisco
713 1847 913 1914 adolescenti
936 1855 972 1925 14
991 1868 1154 1910 annorum
1175 1863 1313 1912 cataracta
1350 1844 1351 1925 l

289 1930 425 1990 centrali
444 1945 492 1990 sat
510 1930 649 1994 notabili
667 1940 750 1998 visus
777 1943 812 1998 in
837 1954 978 2019 utroque
1006 1941 1104 2009 oculo
1130 1948 1177 2002 ita
1203 1945 1314 2002 interci-
1350 1998 1351 2033 i

286 2018 457 2098 piabatur,
488 2035 522 2080 ut
543 2021 666 2104 absque
695 2027 779 2090 duce
808 2030 974 2091 ambulare
1000 2036 1172 2113 nequiret,
1205 2033 1313 2109 objecta
1350 2036 1351 2097 ζ

286 2125 382 2183 vero,
408 2114 535 2172 minora
556 2136 709 2197 quoque,
738 2134 786 2180 sat
811 2124 917 2181 vicina
937 2123 1115 2202 debitaque
1135 2123 1181 2183 ad
1200 2122 1312 2183 oculum
1350 2152 1351 2175 t

285 2204 345 2258 sita
368 2200 599 2281 distingueret,
632 2212 698 2268 imo
705 2250 717 2282 ,
745 2232 841 2292 aegre
863 2212 1014 2292 quidem,
1045 2214 1174 2295 legeret
1201 2231 1233 2274 et
1249 2217 1312 2273 scri·

287 2286 389 2349 beret.
425 2289 638 2377 Keratonyxis
665 2297 741 2359 huic
766 2294 904 2379 plurima
923 2304 1151 2383 pollicebatur.
1192 2308 1312 2367 Tentata

284 2382 390 2460 prIma
407 2380 578 2448 reclinatio
600 2388 653 2449 die
672 2409 720 2453 21.
742 2393 912 2470 Mur-1311
937 2416 1006 2456 non
1033 2409 1190 2471 successit
1210 2413 1313 2458 catara·
1350 2428 1351 2499 p

286 2475 344 2531 ctis
372 2471 500 2537 clateris
521 2483 556 2540 iu
575 2481 711 2542 modum
742 2490 900 2548 continuo
917 2488 1149 2565 ,resilantibua
1193 2491 1311 2550 Causam
1350 2506 1351 2519 ¹

226 2560 229 2563 ’
282 2558 379 2640 hujus
404 2570 629 2642 persistentem
665 2574 817 2651 capsulae
846 2568 919 2637 cum
945 2580 1090 2658 partibus
1119 2580 1311 2644 inferioribus

281 2671 402 2715 nexum
419 2661 492 2732 rati,
513 2657 667 2743 huncque
687 2662 812 2726 solvere
829 2670 864 2726 in
884 2689 1002 2732 vanum
1023 2674 1138 2747 adnisi,
1159 2695 1218 2756 spe
1237 2675 1311 2735 ducti
1350 2684 1351 2771 l

283 2745 445 2824 capsulam
465 2750 631 2832 frequenti
650 2756 868 2819 reclinationis
888 2769 1067 2825 tentamine
1092 2780 1141 2827 sat
1172 2789 1241 2829 esse
1259 2768 1312 2827 dit·
1350 2792 1351 2799 ¹

281 2852 441 2917 cerptam,
463 2857 635 2905 cataractas
654 2847 849 2911 resolutioni
873 2861 1138 2938 resorptionique
1167 2860 1311 2922 conseni-
1350 2876 1351 2881 ’

279 2946 361 2986 mus.
400 2928 630 3007 Ophthalmitis
649 2940 850 3014 postliminio
876 2960 952 3005 nata
971 2949 1066 3008 facile
1087 2947 1223 3013 difflata.
1260 2950 1311 3012 Ct-

279 3027 421 3079 taractaa
440 3039 518 3082 vero
537 3026 687 3102 majores,
706 3037 787 3095 visio
808 3034 960 3095 deterior.
987 3068 1025 3083 ·-
1062 3041 1229 3103 Trimestri
1246 3053 1310 3121 port

279 3112 428 3183 operatio
448 3130 615 3190 renovata,
638 3133 670 3177 at
688 3140 753 3183 nec
773 3139 948 3199 cataracta,
971 3147 1063 3190 nunc
1078 3134 1226 3210 perfecte
1244 3150 1310 3192 evo·
1350 3174 1351 3217 3

276 3192 366 3271 luta,
384 3197 508 3263 lentem
531 3221 564 3266 at
583 3211 745 3286 capsulam
765 3235 948 3295 occupans,
972 3233 1037 3278 tam
1058 3220 1311 3302 depressarum·
1350 3244 1351 3291 t

275 3290 328 3358 sit,
348 3292 431 3351 sicut
449 3296 485 3355 in
504 3302 606 3375 prima
624 3310 835 3380 operatione,
855 3327 919 3369 rrec
940 3312 1069 3392 capsula
1089 3332 1184 3375 acum
1205 3314 1309 3375 admit·
1350 3312 1351 3331 ¹

275 3379 377 3454 tebat,
400 3404 465 3464 qua
485 3386 707 3455 dissecaretur.
738 3396 905 3483 Phlogosls
925 3400 1007 3464 baec
1026 3413 1152 3487 excepit
1170 3404 1307 3488 pluribus

275 3465 491 3541 hebdomadis
511 3481 641 3560 durans,
662 3507 726 3567 qua
745 3495 851 3571 sopita
876 3492 974 3556 lentis
999 3498 1088 3559 oculi
1114 3503 1235 3561 sinistri
1259 3494 1307 3557 ab·
1350 3494 1351 3571 l

270 3578 405 3642 sorptae
431 3573 562 3650 capsula
589 3588 779 3641 cataractam
808 3582 931 3645 aridam
963 3588 1145 3669 siliquatam
1172 3589 1307 3653 sistebat.
1350 3628 1351 3649 r

271 3650 313 3713 In
331 3655 443 3721 dextro
464 3664 555 3728 nulla
573 3675 721 3731 mutatio.
739 3704 779 3719 -
813 3674 911 3736 Anno
933 3694 1007 3757 post
1027 3686 1170 3759 patriisa
1190 3679 1306 3743 levibus

274 3740 436 3813 Viennam
454 3756 567 3833 redux,
587 3761 686 3822 oculo'
706 3761 818 3826 dextro
839 3782 1029 3831 cataractam
1049 3773 1183 3854 gerebat
1204 3791 1308 3853 capsu-
1350 3766 1351 3805 Ᾰ

270 3831 556 3910 larilenticularem
580 3854 775 3932 perfectam,
813 3859 971 3938 pupillam
1002 3882 1040 3937 ex
1065 3869 1194 3950 integro
1220 3881 1308 3946 prat·

271 3925 474 4011 eludentem
496 3960 621 4002 camara
643 3950 787 4007 anterior
810 3948 1011 4013 abnormiter
1041 3959 1213 4037 ampliata,
1243 3975 1307 4017 cor·
1350 3952 1351 3997 t

269 4035 334 4080 nea
355 4023 521 4103 obsoleta,
551 4032 669 4095 bulbus
688 4055 766 4097 vero
786 4054 872 4102 totus
891 4050 1070 4117 varicosus;
1099 4053 1244 4130 quemvis
1262 4061 1305 4104 ῐᾶ·
1350 4084 1351 4111 t

265 4128 342 4174 men
359 4113 440 4180 lucis
460 4121 596 4204 gratim
615 4131 807 4207 percipiens.
853 4135 988 4200 sinister
1006 4140 1121 4203 oculus
1142 4160 1204 4222 per
1224 4152 1304 4200 cata·
