2728 4960
238 476 244 491 k
339 414 455 459 crans
483 412 603 458 vrsurr
628 413 844 462 curiencis.
1072 405 1114 469 13

81 563 148 622 darn
168 560 199 619 ri
218 557 352 628 maeotis,
373 565 547 614 occurrant:
569 558 663 629 quire
681 557 708 613 si
728 574 853 633 corpora
873 554 975 617 ordina
994 560 1113 631 insano

79 659 166 721 rideri
186 665 367 728 statuamus,
387 655 460 712 item
481 662 512 712 et
533 655 701 716 extremitas
723 654 827 714 dextra
848 674 865 712 e
884 655 978 714 latere
993 659 1113 720 sinistm
1202 668 1205 676 '

78 763 325 836 repraesentetur,
353 769 507 811 necessum
533 752 627 825 foret,
655 752 808 831 utigitur
827 762 940 814 tactura
959 756 1113 837 suumque
1134 742 1140 777 ‘

78 857 153 915 nulla
172 851 341 913 intercedat
361 848 533 913 differentia

549 1023 579 1098 ἓ.
605 1020 637 1086 7.

76 1192 82 1205 .
157 1149 292 1210 Tertiam
309 1167 429 1209 cauum
445 1146 514 1209 iude
532 1149 620 1225 petiit
643 1144 784 1222 ilerde,
814 1148 1038 1227 quodspealcs,
1059 1173 1114 1231 per

78 1269 213 1311 corneam
234 1250 412 1324 conspicua,
442 1264 495 1323 pro
518 1245 641 1305 dirersis
667 1249 782 1305 retines
803 1244 950 1317 distantiis
978 1263 1031 1309 aut
1048 1254 1113 1310 len-

77 1350 153 1410 tibus
173 1349 356 1422 interpositis
376 1332 448 1422 pari
467 1344 650 1423 gradacum
674 1347 737 1422 ipso
765 1355 886 1422 aspectu
909 1348 1113 1425 amplificetur,

77 1461 123 1508 ant
146 1447 336 1518 diminuatur,
359 1447 430 1521 quin
441 1443 519 1505 ,adeo
530 1445 707 1515 invertatur,
726 1454 780 1501 aut
796 1442 885 1502 limbo
901 1448 1033 1506 eolorato
1049 1449 1115 1507 cin·

18 1528 22 1535 ⁴
76 1558 170 1629 gatar.
214 1544 297 1613 Quae
317 1562 388 1603 vero
408 1540 626 1618 phaenomena,
653 1560 721 1599 cuns
739 1528 897 1621 imaginem
917 1546 1035 1603 retinae
1048 1565 1116 1605 eas·

76 1647 138 1705 dem
163 1646 252 1721 plane
278 1643 457 1701 mutationes
485 1642 546 1716 pati
573 1658 694 1699 uacuae
728 1640 784 1713 sit,
821 1645 987 1721 argumenti
1012 1646 1116 1703 valore

76 1761 194 1824 prorsus
220 1749 333 1801 carent.
362 1768 406 1782 -
439 1736 564 1815 Reliqua
584 1736 719 1796 Readii
740 1750 931 1818 argumente,
957 1743 1116 1822 imaginem

75 1846 187 1903 retinae
208 1842 241 1897 in
255 1840 347 1896 oculis
365 1838 533 1896 animalium
547 1851 651 1895 recens
668 1838 793 1908 excisis,
818 1849 932 1897 remota
948 1841 1114 1916 scleratice,

75 1947 323 2019 repraesentatam
342 1937 462 1993 minime
482 1936 673 2005 commutari,
695 1936 728 1997 ,si
748 1934 840 2007 radii,
872 1935 961 1993 bulbo
981 1939 1114 2013 immissi,

75 2037 201 2099 lentibus
227 2035 443 2115 refringantur3
475 2050 575 2093 veram
602 2031 726 2106 denique
749 2034 914 2107 picturam,
945 2032 1115 2096 humoribus

78 2137 293 2208 inhaerentem,
325 2150 448 2209 eamque
469 2130 571 2188 ordine
592 2130 666 2187 reali
686 2139 886 2189 constructam
911 2149 965 2207 per
989 2136 1125 2195 retinam'

82 2232 306 2311 subdinphanam
325 2233 409 2288 cerni
429 2247 532 2304 posse,
561 2227 640 2285 sicco
660 2238 843 2302 praeteream
863 2229 953 2304 pede,
977 2235 1117 2309 quonian

82 2334 277 2412 experientiae
296 2340 327 2388 et
347 2329 404 2405 ipsi
424 2326 559 2385 Readii
579 2327 755 2399 sententiae,
777 2344 836 2401 qua
855 2328 982 2387 mendax
1000 2332 1115 2391 raiaco

79 2433 185 2492 idolum
211 2447 231 2487 a
254 2447 326 2488 rero
351 2431 438 2502 juxta
454 2428 549 2506 ,leges
577 2424 735 2503 dioptricas
761 2429 925 2504 projectum
954 2428 1117 2491 declararit

78 2530 147 2606 (cfr.
168 2528 199 2603 ὃ.
220 2527 251 2589 8.
279 2545 310 2589 ra
331 2525 392 2602 2),
414 2533 589 2605 repugnant.

552 2699 584 2773 ἐ.
608 2701 639 2762 8.

160 2826 421 2907 Refutatisjgitur
438 2824 551 2898 camis,
571 2841 647 2900 quac
667 2819 812 2882 Readio
831 2825 1009 2901 paradoxum
1026 2829 1116 2889 virio.

78 2932 123 2989 uis
141 2927 285 2988 theoriam
305 2928 485 3002 imposuere,
504 2926 567 3001 jara
587 2922 626 2980 ad
647 2940 700 2995 ea,
724 2925 852 2998 quaein
871 2925 923 2982 illa
944 2928 1041 2985 asinus
1061 2946 1116 2985 na·

79 3039 161 3091 turae
179 3025 338 3084 convenire
352 3023 500 3094 ridentur,
521 3021 694 3098 exponenda
709 3040 859 3085 vocamur.
894 3021 930 3082 ln
947 3028 1116 3086 universum

79 3125 117 3185 ed
136 3134 262 3202 quatuor
281 3112 428 3181 momentis
447 3121 589 3201 restringi
611 3130 750 3198 possunt:

161 3221 194 3284 1.
242 3220 285 3280 Ut
311 3224 426 3300 imago,
466 3237 526 3295 qua
547 3222 644 3280 risum
667 3221 776 3278 exoriri
802 3218 927 3280 Reade
954 3222 1117 3295 contendit,
1178 3250 1186 3271 κ

78 3320 263 3395 edometur,
309 3322 391 3381 nulla
415 3320 533 3379 luminis
564 3316 724 3376 reflexione
756 3328 810 3377 aut
839 3320 1018 3379 aestuatione
1046 3337 1118 3396 opus

80 3432 139 3495 est,
159 3438 195 3478 ea
211 3428 358 3497 excepta,
380 3435 455 3494 quae
475 3418 508 3474 in
529 3435 661 3477 convexa
681 3434 808 3475 corneae
828 3417 981 3494 superficie
1001 3420 1118 3477 contin·

79 3522 137 3600 git3
161 3528 280 3576 ceterae
301 3517 380 3575 oculi
399 3525 515 3592 partes,
538 3516 640 3574 ordine
660 3524 723 3572 tarn
742 3513 871 3574 mirabili
892 3515 1065 3591 dispositae,
1086 3517 1120 3575 iu

79 3616 253 3695 perficiendo
274 3619 341 3675 risu
360 3615 520 3674 functionis
541 3612 614 3670 nihil
634 3610 758 3687 habent,
781 3615 812 3671 ni
833 3632 898 3671 eam
919 3609 1018 3688 dicas,
1040 3613 1119 3692 quod

81 3716 234 3795 globum
248 3713 330 3773 bulbi
349 3714 473 3772 formam
494 3712 685 3772 constituant.
729 3707 780 3767 Sic
809 3720 841 3768 et
865 3721 1015 3770 cataracta
1035 3711 1119 3771 labo·

82 3825 187 3888 rantes,
207 3816 289 3872 lente
306 3832 360 3889 per
377 3810 594 3887 depressionem
611 3810 658 3868 vel
675 3811 888 3867 extractionem
904 3821 1029 3886 remota,
1050 3810 1118 3871 aba·

84 3929 135 3989 quc
154 3915 215 3972 ullo
239 3912 471 3989 spectaculorum
488 3929 545 3967 usu
560 3910 632 3967 satis
652 3906 789 3965 distincte
810 3907 919 3967 vidisw
938 3912 1033 3985 palam
1049 3927 1118 3986 pro-

82 4009 172 4072 turns
199 4021 255 4073 est.
297 4011 338 4070 At
364 4010 391 4068 si
417 4009 633 4066 considerasset
661 4004 804 4079 Reade,
836 4009 1017 4066 rarissimum
1039 4006 1118 4067 hunc

83 4127 178 4170 casnm
203 4113 237 4168 in
263 4111 301 4167 iis
328 4116 444 4167 tantum
469 4106 658 4167 observatum
678 4123 760 4179 esse,
788 4106 856 4183 qui,
885 4104 1016 4183 deposita
1035 4117 1117 4165 cata·

83 4219 176 4283 mia,
204 4207 344 4266 diuturno
364 4206 482 4267 demun
502 4207 643 4265 exercitio
663 4208 781 4265 oculum
799 4204 987 4278 refractioni,
1014 4206 1117 4281 amplis
