<?xml version="1.0" encoding="UTF-8"?>
<!DOCTYPE html PUBLIC "-//W3C//DTD XHTML 1.0 Transitional//EN"
    "http://www.w3.org/TR/xhtml1/DTD/xhtml1-transitional.dtd">
<html xmlns="http://www.w3.org/1999/xhtml" xml:lang="en" lang="en">
 <head>
  <title>
</title>
<meta http-equiv="Content-Type" content="text/html;charset=utf-8" />
  <meta name='ocr-system' content='tesseract 3.04.00' />
  <meta name='ocr-capabilities' content='ocr_page ocr_carea ocr_par ocr_line ocrx_word'/>
</head>
<body>
  <div class='ocr_page' id='page_1' title='image "./scriptoresophth00radigoog_0179.png"; bbox 0 0 2744 4960; ppageno 0'>
   <div class='ocr_carea' id='block_1_1' title="bbox 286 417 1142 500">
    <p class='ocr_par' dir='ltr' id='par_1_1' title="bbox 286 417 1142 500">
     <span class='ocr_line' id='line_1_1' title="bbox 286 417 1142 500; baseline -0.006 -15"><span class='ocrx_word' id='word_1_1' title='bbox 286 420 385 500; x_wconf 46' lang='lat'><strong>132¹*⁴</strong></span> <span class='ocrx_word' id='word_1_2' title='bbox 525 417 1070 483; x_wconf 67' lang='lat' dir='ltr'><strong>cirunusuarumcr</strong></span> <span class='ocrx_word' id='word_1_3' title='bbox 1140 468 1142 473; x_wconf 89' lang='lat'><em>.</em></span> 
     </span>
    </p>
   </div>
   <div class='ocr_carea' id='block_1_2' title="bbox 284 588 1325 1581">
    <p class='ocr_par' dir='ltr' id='par_1_2' title="bbox 284 588 1325 1581">
     <span class='ocr_line' id='line_1_2' title="bbox 288 588 1325 671; baseline 0.003 -19"><span class='ocrx_word' id='word_1_4' title='bbox 288 592 378 655; x_wconf 84' lang='lat' dir='ltr'><strong>ulcus</strong></span> <span class='ocrx_word' id='word_1_5' title='bbox 390 600 537 652; x_wconf 81' lang='lat' dir='ltr'><strong>‘corneae</strong></span> <span class='ocrx_word' id='word_1_6' title='bbox 548 598 763 665; x_wconf 56' lang='lat' dir='ltr'><strong>&#39;cannosum</strong></span> <span class='ocrx_word' id='word_1_7' title='bbox 785 590 876 671; x_wconf 89' lang='lat' dir='ltr'><strong>quod</strong></span> <span class='ocrx_word' id='word_1_8' title='bbox 892 604 924 651; x_wconf 88' lang='lat' dir='ltr'><strong>et</strong></span> <span class='ocrx_word' id='word_1_9' title='bbox 943 588 1123 651; x_wconf 79' lang='lat' dir='ltr'><strong>incurabile</strong></span> <span class='ocrx_word' id='word_1_10' title='bbox 1143 588 1325 668; x_wconf 56' lang='lat' dir='ltr'><strong>judicatum</strong></span> 
     </span>
     <span class='ocr_line' id='line_1_3' title="bbox 286 681 1325 765; baseline 0.004 -23"><span class='ocrx_word' id='word_1_11' title='bbox 286 698 389 744; x_wconf 89' lang='lat' dir='ltr'><strong>totum</strong></span> <span class='ocrx_word' id='word_1_12' title='bbox 413 681 655 765; x_wconf 85' lang='lat' dir='ltr'><strong>&#39;oculi-bulbum</strong></span> <span class='ocrx_word' id='word_1_13' title='bbox 677 687 858 762; x_wconf 83' lang='lat' dir='ltr'><strong>corrumpit.</strong></span> <span class='ocrx_word' id='word_1_14' title='bbox 904 681 1019 742; x_wconf 83' lang='lat' dir='ltr'>Ulcera</span> <span class='ocrx_word' id='word_1_15' title='bbox 1044 696 1325 763; x_wconf 58' lang='lat' dir='ltr'><strong>corneam-penes</strong></span> 
     </span>
     <span class='ocr_line' id='line_1_4' title="bbox 285 771 1318 852; baseline 0.004 -20"><span class='ocrx_word' id='word_1_16' title='bbox 285 773 505 834; x_wconf 76' lang='lat' dir='ltr'><strong>trantiairidis</strong></span> <span class='ocrx_word' id='word_1_17' title='bbox 521 772 704 851; x_wconf 82' lang='lat' dir='ltr'><strong>prolapsum</strong></span> <span class='ocrx_word' id='word_1_18' title='bbox 722 771 849 834; x_wconf 81' lang='lat' dir='ltr'><strong>efficere</strong></span> <span class='ocrx_word' id='word_1_19' title='bbox 868 771 975 833; x_wconf 83' lang='lat' dir='ltr'><strong>solent</strong></span> <span class='ocrx_word' id='word_1_20' title='bbox 988 787 1020 833; x_wconf 90' lang='lat' dir='ltr'><strong>et</strong></span> <span class='ocrx_word' id='word_1_21' title='bbox 1034 772 1228 852; x_wconf 76' lang='lat' dir='ltr'><strong>quidem-eo</strong></span> <span class='ocrx_word' id='word_1_22' title='bbox 1240 776 1318 837; x_wconf 62' lang='lat' dir='ltr'><strong>tacta</strong></span> 
     </span>
     <span class='ocr_line' id='line_1_5' title="bbox 284 862 1318 946; baseline 0.005 -25"><span class='ocrx_word' id='word_1_23' title='bbox 284 862 368 934; x_wconf 62' lang='lat' dir='ltr'><strong>lius}</strong></span> <span class='ocrx_word' id='word_1_24' title='bbox 390 876 463 942; x_wconf 89' lang='lat' dir='ltr'><strong>&#39;quo</strong></span> <span class='ocrx_word' id='word_1_25' title='bbox 486 864 589 946; x_wconf 72' lang='lat' dir='ltr'><strong>major</strong></span> <span class='ocrx_word' id='word_1_26' title='bbox 610 870 748 924; x_wconf 85' lang='lat' dir='ltr'><strong>corneae</strong></span> <span class='ocrx_word' id='word_1_27' title='bbox 769 880 933 945; x_wconf 81' lang='lat' dir='ltr'><strong>apertura,</strong></span> <span class='ocrx_word' id='word_1_28' title='bbox 962 882 1027 943; x_wconf 88' lang='lat' dir='ltr'><strong>quo</strong></span> <span class='ocrx_word' id='word_1_29' title='bbox 1041 862 1186 943; x_wconf 74' lang='lat' dir='ltr'><strong>¹inferior</strong></span> <span class='ocrx_word' id='word_1_30' title='bbox 1203 864 1318 926; x_wconf 80' lang='lat' dir='ltr'><strong>ulceris</strong></span> 
     </span>
     <span class='ocr_line' id='line_1_6' title="bbox 285 953 1317 1035; baseline 0.002 -22"><span class='ocrx_word' id='word_1_31' title='bbox 285 953 387 1014; x_wconf 82' lang='lat' dir='ltr'><strong>locus.</strong></span> <span class='ocrx_word' id='word_1_32' title='bbox 424 954 529 1034; x_wconf 85' lang='lat' dir='ltr'><strong>Saepe</strong></span> <span class='ocrx_word' id='word_1_33' title='bbox 549 962 608 1034; x_wconf 88' lang='lat' dir='ltr'><strong>per</strong></span> <span class='ocrx_word' id='word_1_34' title='bbox 629 960 810 1033; x_wconf 80' lang='lat' dir='ltr'><strong>aperturam</strong></span> <span class='ocrx_word' id='word_1_35' title='bbox 828 953 1317 1035; x_wconf 39' lang='lat' dir='ltr'><strong>perexiguam&#39;iruprolsbitur,</strong></span> 
     </span>
     <span class='ocr_line' id='line_1_7' title="bbox 287 1043 1319 1124; baseline 0.005 -21"><span class='ocrx_word' id='word_1_36' title='bbox 287 1050 481 1115; x_wconf 83' lang='lat' dir='ltr'><strong>extrinsecus</strong></span> <span class='ocrx_word' id='word_1_37' title='bbox 499 1065 631 1124; x_wconf 88' lang='lat' dir='ltr'><strong>parvum</strong></span> <span class='ocrx_word' id='word_1_38' title='bbox 647 1049 806 1104; x_wconf 84' lang='lat' dir='ltr'><strong>tuiuorem</strong></span> <span class='ocrx_word' id='word_1_39' title='bbox 826 1045 944 1105; x_wconf 82' lang='lat' dir='ltr'><strong>format</strong></span> <span class='ocrx_word' id='word_1_40' title='bbox 962 1056 994 1101; x_wconf 87' lang='lat' dir='ltr'><strong>et</strong></span> <span class='ocrx_word' id='word_1_41' title='bbox 1008 1043 1073 1102; x_wconf 64' lang='lat' dir='ltr'><strong>aeri</strong></span> <span class='ocrx_word' id='word_1_42' title='bbox 1088 1048 1230 1121; x_wconf 85' lang='lat' dir='ltr'><strong>exposita</strong></span> <span class='ocrx_word' id='word_1_43' title='bbox 1247 1066 1319 1108; x_wconf 77' lang='lat' dir='ltr'><strong>seu·</strong></span> 
     </span>
     <span class='ocr_line' id='line_1_8' title="bbox 290 1135 1319 1215; baseline 0.001 -19"><span class='ocrx_word' id='word_1_44' title='bbox 290 1135 553 1197; x_wconf 76' lang='lat' dir='ltr'><strong>simin&#39;dur‘escit.</strong></span> <span class='ocrx_word' id='word_1_45' title='bbox 589 1139 710 1198; x_wconf 81' lang='lat' dir='ltr'><strong>Vitium</strong></span> <span class='ocrx_word' id='word_1_46' title='bbox 724 1136 930 1215; x_wconf 72' lang='lat' dir='ltr'><strong>myocepltali</strong></span> <span class='ocrx_word' id='word_1_47' title='bbox 949 1136 1083 1195; x_wconf 84' lang='lat' dir='ltr'><strong>nomine</strong></span> <span class='ocrx_word' id='word_1_48' title='bbox 1096 1151 1222 1196; x_wconf 86' lang='lat' dir='ltr'><strong>uotum.</strong></span> <span class='ocrx_word' id='word_1_49' title='bbox 1248 1138 1319 1197; x_wconf 85' lang='lat' dir='ltr'><strong>·Ex·</strong></span> 
     </span>
     <span class='ocr_line' id='line_1_9' title="bbox 286 1224 1317 1308; baseline 0.003 -22"><span class='ocrx_word' id='word_1_50' title='bbox 286 1231 460 1287; x_wconf 79' lang='lat' dir='ltr'><strong>stantim&#39;o</strong></span> <span class='ocrx_word' id='word_1_51' title='bbox 484 1225 628 1305; x_wconf 78' lang='lat' dir='ltr'><strong>exempla</strong></span> <span class='ocrx_word' id='word_1_52' title='bbox 654 1226 745 1286; x_wconf 89' lang='lat' dir='ltr'><strong>ulcus</strong></span> <span class='ocrx_word' id='word_1_53' title='bbox 764 1226 940 1308; x_wconf 85' lang='lat' dir='ltr'><strong>malignum</strong></span> <span class='ocrx_word' id='word_1_54' title='bbox 967 1225 1023 1284; x_wconf 86' lang='lat' dir='ltr'><strong>tali</strong></span> <span class='ocrx_word' id='word_1_55' title='bbox 1043 1224 1146 1287; x_wconf 81' lang='lat' dir='ltr'><strong>modo</strong></span> <span class='ocrx_word' id='word_1_56' title='bbox 1167 1245 1317 1289; x_wconf 87' lang='lat' dir='ltr'><strong>corneam</strong></span> 
     </span>
     <span class='ocr_line' id='line_1_10' title="bbox 288 1314 1317 1398; baseline 0.002 -20"><span class='ocrx_word' id='word_1_57' title='bbox 288 1322 423 1379; x_wconf 83' lang='lat' dir='ltr'><strong>erosisso</strong></span> <span class='ocrx_word' id='word_1_58' title='bbox 432 1326 446 1390; x_wconf 78' lang='lat'><strong>,¹</strong></span> <span class='ocrx_word' id='word_1_59' title='bbox 460 1332 502 1377; x_wconf 82' lang='lat' dir='ltr'><strong>ut</strong></span> <span class='ocrx_word' id='word_1_60' title='bbox 517 1320 616 1395; x_wconf 84' lang='lat' dir='ltr'><strong>ipsius</strong></span> <span class='ocrx_word' id='word_1_61' title='bbox 630 1314 725 1374; x_wconf 87' lang='lat' dir='ltr'><strong>lentis</strong></span> <span class='ocrx_word' id='word_1_62' title='bbox 747 1315 915 1393; x_wconf 76' lang='lat' dir='ltr'><strong>prolapsus</strong></span> <span class='ocrx_word' id='word_1_63' title='bbox 938 1329 1065 1376; x_wconf 80' lang='lat' dir='ltr'><strong>secutus</strong></span> <span class='ocrx_word' id='word_1_64' title='bbox 1084 1330 1175 1377; x_wconf 85' lang='lat' dir='ltr'><strong>esset.</strong></span> <span class='ocrx_word' id='word_1_65' title='bbox 1193 1352 1197 1359; x_wconf 75' lang='lat'>=</span> <span class='ocrx_word' id='word_1_66' title='bbox 1213 1319 1317 1398; x_wconf 79' lang='lat' dir='ltr'><strong>Saepe</strong></span> 
     </span>
     <span class='ocr_line' id='line_1_11' title="bbox 290 1403 1317 1489; baseline 0.006 -21"><span class='ocrx_word' id='word_1_67' title='bbox 290 1407 425 1471; x_wconf 62' lang='lat' dir='ltr'><strong>humore</strong></span> <span class='ocrx_word' id='word_1_68' title='bbox 441 1406 547 1489; x_wconf 75' lang='lat' dir='ltr'><strong>aqueo</strong></span> <span class='ocrx_word' id='word_1_69' title='bbox 564 1403 666 1466; x_wconf 80' lang='lat' dir='ltr'><strong>effuso</strong></span> <span class='ocrx_word' id='word_1_70' title='bbox 687 1408 740 1465; x_wconf 86' lang='lat' dir='ltr'><strong>iris</strong></span> <span class='ocrx_word' id='word_1_71' title='bbox 756 1404 805 1464; x_wconf 88' lang='lat' dir='ltr'><strong>vel</strong></span> <span class='ocrx_word' id='word_1_72' title='bbox 826 1405 976 1483; x_wconf 76' lang='lat' dir='ltr'><strong>capsulae</strong></span> <span class='ocrx_word' id='word_1_73' title='bbox 998 1407 1093 1467; x_wconf 81' lang='lat' dir='ltr'><strong>lentis</strong></span> <span class='ocrx_word' id='word_1_74' title='bbox 1112 1407 1164 1468; x_wconf 86' lang='lat' dir='ltr'><strong>vel</strong></span> <span class='ocrx_word' id='word_1_75' title='bbox 1178 1422 1317 1473; x_wconf 75' lang='lat' dir='ltr'><strong>corneae</strong></span> 
     </span>
     <span class='ocr_line' id='line_1_12' title="bbox 292 1496 1090 1581; baseline -0.003 -20"><span class='ocrx_word' id='word_1_76' title='bbox 292 1497 636 1581; x_wconf 69' lang='lat' dir='ltr'><strong>adhaeret‘etrtumque</strong></span> <span class='ocrx_word' id='word_1_77' title='bbox 652 1496 770 1556; x_wconf 84' lang='lat' dir='ltr'><strong>format</strong></span> <span class='ocrx_word' id='word_1_78' title='bbox 787 1497 942 1575; x_wconf 78' lang='lat' dir='ltr'><strong>synechia</strong></span> <span class='ocrx_word' id='word_1_79' title='bbox 959 1497 1090 1559; x_wconf 85' lang='lat' dir='ltr'><strong>dictum.</strong></span> 
     </span>
    </p>
   </div>
   <div class='ocr_carea' id='block_1_3' title="bbox 211 1703 1318 2893">
    <p class='ocr_par' dir='ltr' id='par_1_3' title="bbox 746 1703 862 1783">
     <span class='ocr_line' id='line_1_13' title="bbox 746 1703 862 1783; baseline -0.121 0"><span class='ocrx_word' id='word_1_80' title='bbox 746 1703 775 1783; x_wconf 80' lang='lat'><strong>§-</strong></span> <span class='ocrx_word' id='word_1_81' title='bbox 812 1707 862 1774; x_wconf 67' lang='lat'><strong>502</strong></span> 
     </span>
    </p>

    <p class='ocr_par' dir='ltr' id='par_1_4' title="bbox 211 1802 1318 2893">
     <span class='ocr_line' id='line_1_14' title="bbox 362 1802 1316 1891; baseline 0.003 -15"><span class='ocrx_word' id='word_1_82' title='bbox 362 1802 528 1878; x_wconf 78' lang='lat' dir='ltr'><strong>Teutatur.</strong></span> <span class='ocrx_word' id='word_1_83' title='bbox 537 1814 576 1875; x_wconf 89' lang='lat' dir='ltr'><strong>ab</strong></span> <span class='ocrx_word' id='word_1_84' title='bbox 596 1810 757 1877; x_wconf 78' lang='lat' dir='ltr'><strong>ulceribus</strong></span> <span class='ocrx_word' id='word_1_85' title='bbox 777 1813 978 1891; x_wconf 85' lang='lat' dir='ltr'><strong>frequentius</strong></span> <span class='ocrx_word' id='word_1_86' title='bbox 999 1828 1084 1875; x_wconf 87' lang='lat' dir='ltr'><strong>aetas</strong></span> <span class='ocrx_word' id='word_1_87' title='bbox 1110 1814 1266 1882; x_wconf 82' lang='lat' dir='ltr'><strong>infantilis</strong></span> <span class='ocrx_word' id='word_1_88' title='bbox 1285 1834 1316 1879; x_wconf 86' lang='lat' dir='ltr'><strong>et</strong></span> 
     </span>
     <span class='ocr_line' id='line_1_15' title="bbox 288 1900 1316 1988; baseline 0.006 -23"><span class='ocrx_word' id='word_1_89' title='bbox 288 1907 420 1984; x_wconf 84' lang='lat' dir='ltr'><strong>puerilis</strong></span> <span class='ocrx_word' id='word_1_90' title='bbox 441 1900 487 1970; x_wconf 32' lang='lat' dir='ltr'><strong>ob*</strong></span> <span class='ocrx_word' id='word_1_91' title='bbox 503 1902 658 1984; x_wconf 76' lang='lat' dir='ltr'><strong>maiorem</strong></span> <span class='ocrx_word' id='word_1_92' title='bbox 679 1910 792 1988; x_wconf 88' lang='lat' dir='ltr'><strong>organi</strong></span> <span class='ocrx_word' id='word_1_93' title='bbox 811 1910 893 1965; x_wconf 83' lang='lat' dir='ltr'><strong>visus</strong></span> <span class='ocrx_word' id='word_1_94' title='bbox 913 1904 1182 1982; x_wconf 82' lang='lat' dir='ltr'><strong>teneritudinem,</strong></span> <span class='ocrx_word' id='word_1_95' title='bbox 1212 1910 1316 1972; x_wconf 87' lang='lat' dir='ltr'><strong>denti·</strong></span> 
     </span>
     <span class='ocr_line' id='line_1_16' title="bbox 288 1988 1317 2077; baseline 0.001 -21"><span class='ocrx_word' id='word_1_96' title='bbox 288 2001 430 2073; x_wconf 86' lang='lat' dir='ltr'><strong>tionem,</strong></span> <span class='ocrx_word' id='word_1_97' title='bbox 456 2000 591 2073; x_wconf 82' lang='lat' dir='ltr'><strong>variolas</strong></span> <span class='ocrx_word' id='word_1_98' title='bbox 613 2012 710 2077; x_wconf 88' lang='lat' dir='ltr'><strong>atque</strong></span> <span class='ocrx_word' id='word_1_99' title='bbox 730 1995 908 2058; x_wconf 87' lang='lat' dir='ltr'><strong>morbillos.</strong></span> <span class='ocrx_word' id='word_1_100' title='bbox 956 1988 1159 2070; x_wconf 76' lang='lat' dir='ltr'><strong>Corpuscula¹</strong></span> <span class='ocrx_word' id='word_1_101' title='bbox 1180 2019 1317 2065; x_wconf 76' lang='lat' dir='ltr'><strong>corneae</strong></span> 
     </span>
     <span class='ocr_line' id='line_1_17' title="bbox 290 2078 1316 2168; baseline 0.006 -22"><span class='ocrx_word' id='word_1_102' title='bbox 290 2084 410 2147; x_wconf 82' lang='lat' dir='ltr'><strong>affricta</strong></span> <span class='ocrx_word' id='word_1_103' title='bbox 436 2104 468 2149; x_wconf 86' lang='lat' dir='ltr'><strong>et</strong></span> <span class='ocrx_word' id='word_1_104' title='bbox 496 2091 563 2168; x_wconf 87' lang='lat' dir='ltr'><strong>ejus</strong></span> <span class='ocrx_word' id='word_1_105' title='bbox 587 2088 736 2150; x_wconf 85' lang='lat' dir='ltr'><strong>fossulae.</strong></span> <span class='ocrx_word' id='word_1_106' title='bbox 753 2086 885 2147; x_wconf 79' lang='lat' dir='ltr'><strong>firmiter</strong></span> <span class='ocrx_word' id='word_1_107' title='bbox 910 2078 1110 2145; x_wconf 79' lang='lat' dir='ltr'><strong>inhaerentia</strong></span> <span class='ocrx_word' id='word_1_108' title='bbox 1136 2093 1316 2168; x_wconf 73' lang='lat' dir='ltr'><strong>saepissime</strong></span> 
     </span>
     <span class='ocr_line' id='line_1_18' title="bbox 290 2166 1318 2261; baseline 0.002 -26"><span class='ocrx_word' id='word_1_109' title='bbox 290 2178 400 2238; x_wconf 80' lang='lat' dir='ltr'><strong>ulcera</strong></span> <span class='ocrx_word' id='word_1_110' title='bbox 426 2180 617 2261; x_wconf 88' lang='lat' dir='ltr'><strong>relinquunt</strong></span> <span class='ocrx_word' id='word_1_111' title='bbox 634 2181 671 2255; x_wconf 88' lang='lat'><strong>²).</strong></span> <span class='ocrx_word' id='word_1_112' title='bbox 694 2211 733 2224; x_wconf 89' lang='lat'>—</span> <span class='ocrx_word' id='word_1_113' title='bbox 759 2168 986 2258; x_wconf 78' lang='lat' dir='ltr'><strong>Phlyctaenae.</strong></span> <span class='ocrx_word' id='word_1_114' title='bbox 1004 2207 1042 2219; x_wconf 94' lang='lat'>-</span> <span class='ocrx_word' id='word_1_115' title='bbox 1059 2166 1197 2259; x_wconf 33' lang='lat' dir='ltr'><strong>*Unguis</strong></span> <span class='ocrx_word' id='word_1_116' title='bbox 1214 2183 1253 2240; x_wconf 91' lang='lat' dir='ltr'><strong>in</strong></span> <span class='ocrx_word' id='word_1_117' title='bbox 1270 2181 1318 2241; x_wconf 59' lang='lat' dir='ltr'><strong>ul,</strong></span> 
     </span>
     <span class='ocr_line' id='line_1_19' title="bbox 290 2267 1317 2348; baseline 0.006 -23"><span class='ocrx_word' id='word_1_118' title='bbox 290 2287 345 2326; x_wconf 83' lang='lat' dir='ltr'><strong>ona</strong></span> <span class='ocrx_word' id='word_1_119' title='bbox 365 2268 524 2329; x_wconf 87' lang='lat' dir='ltr'><strong>desinens.</strong></span> <span class='ocrx_word' id='word_1_120' title='bbox 550 2301 587 2314; x_wconf 94' lang='lat'>-</span> <span class='ocrx_word' id='word_1_121' title='bbox 616 2270 804 2348; x_wconf 89' lang='lat' dir='ltr'><strong>Hypopium</strong></span> <span class='ocrx_word' id='word_1_122' title='bbox 824 2287 976 2329; x_wconf 88' lang='lat' dir='ltr'><strong>corneam</strong></span> <span class='ocrx_word' id='word_1_123' title='bbox 996 2267 1191 2328; x_wconf 84' lang='lat' dir='ltr'><strong>exulcerans.</strong></span> <span class='ocrx_word' id='word_1_124' title='bbox 1231 2269 1317 2331; x_wconf 82' lang='lat' dir='ltr'><strong>Vidit</strong></span> 
     </span>
     <span class='ocr_line' id='line_1_20' title="bbox 291 2355 1315 2438; baseline 0.006 -22"><span class='ocrx_word' id='word_1_125' title='bbox 291 2372 324 2417; x_wconf 86' lang='lat' dir='ltr'><strong>et</strong></span> <span class='ocrx_word' id='word_1_126' title='bbox 355 2355 519 2420; x_wconf 77' lang='lat' dir='ltr'><strong>ulcuscula</strong></span> <span class='ocrx_word' id='word_1_127' title='bbox 551 2380 623 2420; x_wconf 87' lang='lat' dir='ltr'><strong>cum</strong></span> <span class='ocrx_word' id='word_1_128' title='bbox 656 2358 829 2438; x_wconf 85' lang='lat' dir='ltr'><strong>cephalaea</strong></span> <span class='ocrx_word' id='word_1_129' title='bbox 862 2359 1053 2419; x_wconf 81' lang='lat' dir='ltr'><strong>alternantia</strong></span> <span class='ocrx_word' id='word_1_130' title='bbox 1085 2355 1315 2436; x_wconf 79' lang='lat' dir='ltr'><strong>Manchart,</strong></span> 
     </span>
     <span class='ocr_line' id='line_1_21' title="bbox 291 2448 1317 2531; baseline 0.003 -22"><span class='ocrx_word' id='word_1_131' title='bbox 291 2448 407 2529; x_wconf 87' lang='lat' dir='ltr'><strong>quibus</strong></span> <span class='ocrx_word' id='word_1_132' title='bbox 427 2448 651 2531; x_wconf 80' lang='lat' dir='ltr'><strong>ingruentibus</strong></span> <span class='ocrx_word' id='word_1_133' title='bbox 670 2453 771 2510; x_wconf 88' lang='lat' dir='ltr'><strong>omnis</strong></span> <span class='ocrx_word' id='word_1_134' title='bbox 794 2454 923 2508; x_wconf 83' lang='lat' dir='ltr'><strong>evanuit</strong></span> <span class='ocrx_word' id='word_1_135' title='bbox 948 2451 1058 2526; x_wconf 87' lang='lat' dir='ltr'><strong>capitis</strong></span> <span class='ocrx_word' id='word_1_136' title='bbox 1078 2449 1191 2525; x_wconf 85' lang='lat' dir='ltr'><strong>dolor,</strong></span> <span class='ocrx_word' id='word_1_137' title='bbox 1223 2458 1317 2513; x_wconf 85' lang='lat' dir='ltr'><strong>exsic-</strong></span> 
     </span>
     <span class='ocr_line' id='line_1_22' title="bbox 289 2539 1316 2620; baseline 0.004 -22"><span class='ocrx_word' id='word_1_138' title='bbox 289 2546 367 2602; x_wconf 83' lang='lat' dir='ltr'><strong>catis</strong></span> <span class='ocrx_word' id='word_1_139' title='bbox 388 2539 568 2620; x_wconf 87' lang='lat' dir='ltr'><strong>cepbaleea</strong></span> <span class='ocrx_word' id='word_1_140' title='bbox 592 2541 690 2602; x_wconf 87' lang='lat' dir='ltr'><strong>rediit</strong></span> <span class='ocrx_word' id='word_1_141' title='bbox 704 2543 746 2610; x_wconf 77' lang='lat'><strong>²).</strong></span> <span class='ocrx_word' id='word_1_142' title='bbox 764 2570 811 2588; x_wconf 91' lang='lat'><strong>·-·</strong></span> <span class='ocrx_word' id='word_1_143' title='bbox 846 2539 910 2598; x_wconf 80' lang='lat' dir='ltr'><strong>Aer</strong></span> <span class='ocrx_word' id='word_1_144' title='bbox 931 2544 1027 2614; x_wconf 84' lang='lat' dir='ltr'><strong>acris,</strong></span> <span class='ocrx_word' id='word_1_145' title='bbox 1056 2540 1217 2613; x_wconf 75' lang='lat' dir='ltr'><strong>fumosus,</strong></span> <span class='ocrx_word' id='word_1_146' title='bbox 1247 2542 1316 2604; x_wconf 85' lang='lat' dir='ltr'><strong>sali-</strong></span> 
     </span>
     <span class='ocr_line' id='line_1_23' title="bbox 284 2628 1315 2715; baseline 0.004 -26"><span class='ocrx_word' id='word_1_147' title='bbox 284 2641 416 2704; x_wconf 81' lang='lat' dir='ltr'><strong>nus,&#39;ut</strong></span> <span class='ocrx_word' id='word_1_148' title='bbox 433 2635 468 2690; x_wconf 87' lang='lat' dir='ltr'><strong>in</strong></span> <span class='ocrx_word' id='word_1_149' title='bbox 486 2631 585 2713; x_wconf 88' lang='lat' dir='ltr'><strong>longa</strong></span> <span class='ocrx_word' id='word_1_150' title='bbox 604 2634 821 2711; x_wconf 81' lang='lat' dir='ltr'><strong>navigatione.</strong></span> <span class='ocrx_word' id='word_1_151' title='bbox 834 2659 875 2691; x_wconf 78' lang='grc'><strong>.-,-</strong></span> <span class='ocrx_word' id='word_1_152' title='bbox 897 2628 995 2690; x_wconf 87' lang='lat' dir='ltr'><strong>Cibus</strong></span> <span class='ocrx_word' id='word_1_153' title='bbox 1013 2629 1123 2691; x_wconf 85' lang='lat' dir='ltr'><strong>salsus.</strong></span> <span class='ocrx_word' id='word_1_154' title='bbox 1143 2664 1180 2678; x_wconf 94' lang='lat'><em>—</em></span> <span class='ocrx_word' id='word_1_155' title='bbox 1201 2633 1315 2715; x_wconf 78' lang='lat' dir='ltr'><strong>Lacry·</strong></span> 
     </span>
     <span class='ocr_line' id='line_1_24' title="bbox 286 2717 1314 2798; baseline 0.005 -18"><span class='ocrx_word' id='word_1_156' title='bbox 286 2725 387 2783; x_wconf 85' lang='lat' dir='ltr'><strong>matio</strong></span> <span class='ocrx_word' id='word_1_157' title='bbox 409 2721 530 2784; x_wconf 83' lang='lat' dir='ltr'><strong>crebra.</strong></span> <span class='ocrx_word' id='word_1_158' title='bbox 549 2754 586 2768; x_wconf 96' lang='lat'>-</span> <span class='ocrx_word' id='word_1_159' title='bbox 614 2722 734 2796; x_wconf 84' lang='lat' dir='ltr'><strong>Omnes</strong></span> <span class='ocrx_word' id='word_1_160' title='bbox 756 2717 942 2795; x_wconf 79' lang='lat' dir='ltr'><strong>cachexiae,</strong></span> <span class='ocrx_word' id='word_1_161' title='bbox 966 2735 1000 2780; x_wconf 90' lang='lat' dir='ltr'><strong>ut</strong></span> <span class='ocrx_word' id='word_1_162' title='bbox 1019 2720 1198 2798; x_wconf 83' lang='lat' dir='ltr'><strong>arthritica,</strong></span> <span class='ocrx_word' id='word_1_163' title='bbox 1218 2745 1314 2787; x_wconf 88' lang='lat' dir='ltr'><strong>vene·</strong></span> 
     </span>
     <span class='ocr_line' id='line_1_25' title="bbox 211 2810 1234 2893; baseline 0.013 -25"><span class='ocrx_word' id='word_1_164' title='bbox 211 2848 218 2867; x_wconf 72' lang='grc'><strong><em>,</em></strong></span> <span class='ocrx_word' id='word_1_165' title='bbox 285 2831 360 2886; x_wconf 84' lang='lat' dir='ltr'><strong>rea,</strong></span> <span class='ocrx_word' id='word_1_166' title='bbox 382 2810 591 2892; x_wconf 84' lang='lat' dir='ltr'><strong>scrophuloaa</strong></span> <span class='ocrx_word' id='word_1_167' title='bbox 609 2810 770 2893; x_wconf 72' lang='lat' dir='ltr'><strong>ulceribus</strong></span> <span class='ocrx_word' id='word_1_168' title='bbox 792 2829 944 2871; x_wconf 87' lang='lat' dir='ltr'><strong>corneam</strong></span> <span class='ocrx_word' id='word_1_169' title='bbox 964 2810 1092 2878; x_wconf 85' lang='lat' dir='ltr'><strong>afficere</strong></span> <span class='ocrx_word' id='word_1_170' title='bbox 1115 2830 1234 2881; x_wconf 81' lang='lat' dir='ltr'><strong>ament.</strong></span> 
     </span>
    </p>
   </div>
   <div class='ocr_carea' id='block_1_4' title="bbox 214 3004 1360 3835">
    <p class='ocr_par' dir='ltr' id='par_1_5' title="bbox 214 3004 1360 3835">
     <span class='ocr_line' id='line_1_26' title="bbox 707 3004 857 3080; baseline 0.007 -19"><span class='ocrx_word' id='word_1_171' title='bbox 707 3056 710 3061; x_wconf 90' lang='lat'>.</span> <span class='ocrx_word' id='word_1_172' title='bbox 741 3004 771 3080; x_wconf 86' lang='lat'><strong>§.</strong></span> <span class='ocrx_word' id='word_1_173' title='bbox 794 3011 857 3073; x_wconf 57' lang='lat'><strong>61·</strong></span> 
     </span>
     <span class='ocr_line' id='line_1_27' title="bbox 363 3109 1332 3198; baseline 0.005 -27"><span class='ocrx_word' id='word_1_174' title='bbox 363 3109 438 3190; x_wconf 86' lang='lat' dir='ltr'><strong>Quo</strong></span> <span class='ocrx_word' id='word_1_175' title='bbox 458 3110 628 3196; x_wconf 83' lang='lat' dir='ltr'><strong>benignius</strong></span> <span class='ocrx_word' id='word_1_176' title='bbox 647 3109 739 3174; x_wconf 86' lang='lat' dir='ltr'><strong>ulcus</strong></span> <span class='ocrx_word' id='word_1_177' title='bbox 758 3128 821 3186; x_wconf 86' lang='lat' dir='ltr'><strong>est,</strong></span> <span class='ocrx_word' id='word_1_178' title='bbox 843 3130 909 3191; x_wconf 91' lang='lat' dir='ltr'><strong>quo</strong></span> <span class='ocrx_word' id='word_1_179' title='bbox 928 3117 1109 3187; x_wconf 88' lang='lat' dir='ltr'><strong>recentius,</strong></span> <span class='ocrx_word' id='word_1_180' title='bbox 1130 3110 1197 3193; x_wconf 78' lang='lat' dir='ltr'><strong>qu&#39;o</strong></span> <span class='ocrx_word' id='word_1_181' title='bbox 1216 3119 1332 3198; x_wconf 59' lang='lat' dir='ltr'><strong>magio</strong></span> 
     </span>
     <span class='ocr_line' id='line_1_28' title="bbox 214 3197 1332 3286; baseline 0.008 -29"><span class='ocrx_word' id='word_1_182' title='bbox 214 3206 221 3223; x_wconf 90' lang='grc'>·</span> <span class='ocrx_word' id='word_1_183' title='bbox 286 3197 504 3277; x_wconf 79' lang='lat' dir='ltr'><strong>superficiale,</strong></span> <span class='ocrx_word' id='word_1_184' title='bbox 527 3222 592 3280; x_wconf 90' lang='lat' dir='ltr'><strong>quo</strong></span> <span class='ocrx_word' id='word_1_185' title='bbox 607 3201 845 3281; x_wconf 74' lang='lat' dir='ltr'><strong>minuslatum,</strong></span> <span class='ocrx_word' id='word_1_186' title='bbox 867 3221 931 3283; x_wconf 89' lang='lat' dir='ltr'><strong>quo</strong></span> <span class='ocrx_word' id='word_1_187' title='bbox 945 3203 1088 3279; x_wconf 85' lang='lat' dir='ltr'><strong>juniores</strong></span> <span class='ocrx_word' id='word_1_188' title='bbox 1106 3208 1332 3286; x_wconf 80' lang='lat' dir='ltr'><strong>senioresque·</strong></span> 
     </span>
     <span class='ocr_line' id='line_1_29' title="bbox 285 3293 1315 3375; baseline 0.006 -25"><span class='ocrx_word' id='word_1_189' title='bbox 285 3297 392 3374; x_wconf 85' lang='lat' dir='ltr'><strong>aegri,</strong></span> <span class='ocrx_word' id='word_1_190' title='bbox 413 3312 454 3354; x_wconf 91' lang='lat' dir='ltr'><strong>eo</strong></span> <span class='ocrx_word' id='word_1_191' title='bbox 471 3293 601 3354; x_wconf 72' lang='lat' dir='ltr'><strong>‘fecilior</strong></span> <span class='ocrx_word' id='word_1_192' title='bbox 619 3294 909 3372; x_wconf 63' lang='lat' dir='ltr'><strong>atque‘periectiur</strong></span> <span class='ocrx_word' id='word_1_193' title='bbox 927 3311 975 3356; x_wconf 87' lang='lat' dir='ltr'><strong>est</strong></span> <span class='ocrx_word' id='word_1_194' title='bbox 994 3301 1198 3357; x_wconf 83' lang='lat' dir='ltr'><strong>curatio.·-·.</strong></span> <span class='ocrx_word' id='word_1_195' title='bbox 1214 3295 1315 3375; x_wconf 87' lang='lat' dir='ltr'><strong>Quod</strong></span> 
     </span>
     <span class='ocr_line' id='line_1_30' title="bbox 284 3382 1316 3467; baseline 0.007 -27"><span class='ocrx_word' id='word_1_196' title='bbox 284 3382 328 3441; x_wconf 88' lang='lat' dir='ltr'><strong>ad</strong></span> <span class='ocrx_word' id='word_1_197' title='bbox 345 3382 491 3444; x_wconf 85' lang='lat' dir='ltr'><strong>ulcerum</strong></span> <span class='ocrx_word' id='word_1_198' title='bbox 503 3384 682 3464; x_wconf 79' lang='lat' dir='ltr'><strong>‘diagnosin</strong></span> <span class='ocrx_word' id='word_1_199' title='bbox 696 3386 812 3443; x_wconf 85' lang='lat' dir='ltr'><strong>attinet</strong></span> <span class='ocrx_word' id='word_1_200' title='bbox 818 3404 836 3455; x_wconf 89' lang='lat'><strong>,·</strong></span> <span class='ocrx_word' id='word_1_201' title='bbox 850 3384 945 3446; x_wconf 78' lang='lat' dir='ltr'><strong>facile</strong></span> <span class='ocrx_word' id='word_1_202' title='bbox 964 3384 1207 3467; x_wconf 81' lang='lat' dir='ltr'><strong>inspicientibur</strong></span> <span class='ocrx_word' id='word_1_203' title='bbox 1224 3399 1316 3466; x_wconf 86' lang='lat' dir='ltr'><strong>patet</strong></span> 
     </span>
     <span class='ocr_line' id='line_1_31' title="bbox 282 3473 1360 3555; baseline 0.007 -26"><span class='ocrx_word' id='word_1_204' title='bbox 282 3474 319 3530; x_wconf 90' lang='lat' dir='ltr'><strong>in</strong></span> <span class='ocrx_word' id='word_1_205' title='bbox 338 3473 506 3554; x_wconf 84' lang='lat' dir='ltr'><strong>superficie</strong></span> <span class='ocrx_word' id='word_1_206' title='bbox 526 3489 558 3534; x_wconf 91' lang='lat' dir='ltr'><strong>et</strong></span> <span class='ocrx_word' id='word_1_207' title='bbox 575 3473 751 3534; x_wconf 82' lang='lat' dir='ltr'><strong>substantia</strong></span> <span class='ocrx_word' id='word_1_208' title='bbox 771 3491 911 3536; x_wconf 87' lang='lat' dir='ltr'><strong>corneae</strong></span> <span class='ocrx_word' id='word_1_209' title='bbox 929 3476 1043 3555; x_wconf 75' lang='lat' dir='ltr'><strong>&#39;aliqua</strong></span> <span class='ocrx_word' id='word_1_210' title='bbox 1056 3480 1217 3537; x_wconf 63' lang='lat' dir='ltr'><strong>vcontinui.</strong></span> <span class='ocrx_word' id='word_1_211' title='bbox 1229 3476 1315 3539; x_wconf 78' lang='lat' dir='ltr'><strong>solu·</strong></span> <span class='ocrx_word' id='word_1_212' title='bbox 1359 3546 1360 3553; x_wconf 8' lang='grc' dir='ltr'>ἵ</span> 
     </span>
     <span class='ocr_line' id='line_1_32' title="bbox 283 3562 1316 3646; baseline 0.011 -26"><span class='ocrx_word' id='word_1_213' title='bbox 283 3566 339 3623; x_wconf 83' lang='grc' dir='ltr'><strong>ῑίο.</strong></span> <span class='ocrx_word' id='word_1_214' title='bbox 358 3562 360 3566; x_wconf 60' lang='grc'><em>”</em></span> <span class='ocrx_word' id='word_1_215' title='bbox 377 3566 505 3627; x_wconf 90' lang='lat' dir='ltr'><strong>Horum</strong></span> <span class='ocrx_word' id='word_1_216' title='bbox 524 3563 669 3624; x_wconf 86' lang='lat' dir='ltr'><strong>ulcerum</strong></span> <span class='ocrx_word' id='word_1_217' title='bbox 689 3564 796 3643; x_wconf 86' lang='lat' dir='ltr'><strong>aliqua</strong></span> <span class='ocrx_word' id='word_1_218' title='bbox 817 3566 1232 3646; x_wconf 86' lang='lat' dir='ltr'><strong>corneae-pelluciditatem</strong></span> <span class='ocrx_word' id='word_1_219' title='bbox 1248 3587 1316 3631; x_wconf 83' lang='lat' dir='ltr'><strong>non</strong></span> 
     </span>
     <span class='ocr_line' id='line_1_33' title="bbox 280 3654 1317 3732; baseline 0.007 -18"><span class='ocrx_word' id='word_1_220' title='bbox 280 3671 411 3732; x_wconf 81' lang='lat' dir='ltr'><strong>prorsus</strong></span> <span class='ocrx_word' id='word_1_221' title='bbox 433 3657 571 3730; x_wconf 87' lang='lat' dir='ltr'><strong>tollunt,</strong></span> <span class='ocrx_word' id='word_1_222' title='bbox 599 3654 659 3714; x_wconf 86' lang='lat' dir='ltr'><strong>alie</strong></span> <span class='ocrx_word' id='word_1_223' title='bbox 681 3654 883 3715; x_wconf 63' lang='lat' dir='ltr'><strong>colorem’ei⁴</strong></span> <span class='ocrx_word' id='word_1_224' title='bbox 898 3655 1006 3717; x_wconf 85' lang='lat' dir='ltr'><strong>album</strong></span> <span class='ocrx_word' id='word_1_225' title='bbox 1030 3658 1200 3721; x_wconf 82' lang='lat' dir='ltr'><strong>inducunt.</strong></span> <span class='ocrx_word' id='word_1_226' title='bbox 1238 3660 1317 3721; x_wconf 78' lang='lat' dir='ltr'><strong>Jun-</strong></span> 
     </span>
     <span class='ocr_line' id='line_1_34' title="bbox 274 3743 1313 3835; baseline 0.011 -31"><span class='ocrx_word' id='word_1_227' title='bbox 274 3747 368 3835; x_wconf 71' lang='lat' dir='ltr'><strong>gitur</strong></span> <span class='ocrx_word' id='word_1_228' title='bbox 386 3745 562 3827; x_wconf 83' lang='lat' dir='ltr'><strong>aliquando</strong></span> <span class='ocrx_word' id='word_1_229' title='bbox 582 3743 781 3826; x_wconf 88' lang='lat' dir='ltr'><strong>ophthalmia</strong></span> <span class='ocrx_word' id='word_1_230' title='bbox 807 3766 879 3806; x_wconf 90' lang='lat' dir='ltr'><strong>cum</strong></span> <span class='ocrx_word' id='word_1_231' title='bbox 899 3764 1047 3809; x_wconf 87' lang='lat' dir='ltr'><strong>corneae·</strong></span> <span class='ocrx_word' id='word_1_232' title='bbox 1064 3749 1313 3815; x_wconf 73' lang='lat' dir='ltr'><strong>exulceratione·</strong></span> 
     </span>
    </p>
   </div>
   <div class='ocr_carea' id='block_1_5' title="bbox 284 3876 675 3914">
    <p class='ocr_par' dir='ltr' id='par_1_6' title="bbox 284 3876 675 3914">
     <span class='ocr_line' id='line_1_35' title="bbox 284 3876 675 3914; baseline 0.003 -7"><span class='ocrx_word' id='word_1_233' title='bbox 284 3876 604 3914; x_wconf 74' lang='lat'>——.....-&#39;.......-..</span> <span class='ocrx_word' id='word_1_234' title='bbox 672 3878 675 3885; x_wconf 80' lang='grc'><em>’</em></span> 
     </span>
    </p>
   </div>
   <div class='ocr_carea' id='block_1_6' title="bbox 322 3960 1310 4117">
    <p class='ocr_par' dir='ltr' id='par_1_7' title="bbox 322 3960 1310 4117">
     <span class='ocr_line' id='line_1_36' title="bbox 322 3960 1310 4117; baseline 0.015 -85"><span class='ocrx_word' id='word_1_235' title='bbox 322 3981 530 4117; x_wconf 61' lang='grc' dir='ltr'><strong>ι)8114ὶ4οὶιῑοτ</strong></span> <span class='ocrx_word' id='word_1_236' title='bbox 549 3969 850 4060; x_wconf 74' lang='lat' dir='ltr'><strong>Anfangsgrttndeder</strong></span> <span class='ocrx_word' id='word_1_237' title='bbox 866 3960 1155 4063; x_wconf 68' lang='lat' dir='ltr'><strong>Whudaruaeiltunrt.</strong></span> <span class='ocrx_word' id='word_1_238' title='bbox 1188 3992 1244 4047; x_wconf 78' lang='lat' dir='ltr'><strong>et.</strong></span> <span class='ocrx_word' id='word_1_239' title='bbox 1259 3993 1310 4047; x_wconf 88' lang='lat'>111.</span> 
     </span>
    </p>
   </div>
   <div class='ocr_carea' id='block_1_7' title="bbox 313 4088 1278 4200">
    <p class='ocr_par' dir='ltr' id='par_1_8' title="bbox 313 4088 1278 4200">
     <span class='ocr_line' id='line_1_37' title="bbox 313 4088 1278 4200; baseline 0.013 -28"><span class='ocrx_word' id='word_1_240' title='bbox 313 4118 346 4182; x_wconf 83' lang='lat' dir='ltr'><strong>e)</strong></span> <span class='ocrx_word' id='word_1_241' title='bbox 365 4088 559 4177; x_wconf 73' lang='lat' dir='ltr'><strong>hiulcum</strong></span> <span class='ocrx_word' id='word_1_242' title='bbox 575 4119 684 4178; x_wconf 73' lang='lat' dir='ltr'><strong>duum</strong></span> <span class='ocrx_word' id='word_1_243' title='bbox 700 4119 867 4184; x_wconf 59' lang='lat' dir='ltr'><strong>desuetum</strong></span> <span class='ocrx_word' id='word_1_244' title='bbox 883 4121 1035 4180; x_wconf 77' lang='lat' dir='ltr'><strong>ulceribus.</strong></span> <span class='ocrx_word' id='word_1_245' title='bbox 1058 4124 1184 4200; x_wconf 76' lang='lat' dir='ltr'><strong>Tubing.</strong></span> <span class='ocrx_word' id='word_1_246' title='bbox 1199 4133 1278 4195; x_wconf 72' lang='lat'>2745-</span> 
     </span>
    </p>
   </div>
   <div class='ocr_carea' id='block_1_8' title="bbox 0 0 1376 4960">
    <p class='ocr_par' dir='ltr' id='par_1_9' title="bbox 0 0 1376 4960">
     <span class='ocr_line' id='line_1_38' title="bbox 0 0 1376 4960; baseline 0 0"><span class='ocrx_word' id='word_1_247' title='bbox 0 0 1376 4960; x_wconf 95' lang='lat' dir='ltr'><strong> </strong></span> 
     </span>
    </p>
   </div>
  </div>
 </body>
</html>
